1984 2597
943 101 995 137 a?

145 200 271 231 Possum
290 198 435 230 eiusmodi
456 198 593 238 exempla
612 197 698 228 facile
720 199 810 229 etiam
829 199 918 238 plura
937 198 1062 236 addere,
1082 198 1135 228 sed
1155 208 1214 228 non
1235 208 1353 229 necesse
1372 201 1434 237 est3
1455 206 1547 236 quam
1567 197 1645 228 enim
1665 196 1797 228 eiusdem

146 247 310 279 sententiae
330 246 533 278 membrorum
552 244 678 285 intenigi
699 245 845 277 rationem
865 246 962 284 velim,
989 254 1077 276 nemo
1098 247 1144 275 est
1163 245 1214 284 qui
1234 255 1292 275 non
1314 244 1420 277 videat.
1466 243 1550 274 Haec
1577 243 1681 275 eadem
1707 246 1798 284 igitur

144 294 223 329 ratio
253 296 279 326 si
307 296 387 326 inter
406 294 584 326 sententiam
607 294 781 335 primariam
807 297 892 336 eique
917 294 1180 327 adhaerescentem
1205 293 1362 324 intercedit
1388 291 1610 331 secundariam,
1641 303 1717 334 quae
1744 293 1798 324 illa

145 343 316 382 efferuntur,
336 343 395 374 hac
415 341 481 374 tolli
501 342 720 382 quodammodo
742 347 856 375 certum
879 347 932 376 est.
975 345 1075 382 Atque
1095 341 1152 372 hoc
1172 345 1218 372 est
1238 342 1364 372 alterum
1384 340 1459 373 illud
1489 352 1583 381 genus
1609 342 1798 382 exceptionis,

145 392 226 432 quod
245 393 307 423 iam
326 401 418 432 supra
438 391 478 431 (ς.
498 390 531 429 4)
559 390 649 431 paulo
674 391 843 426 accuratius
863 390 986 422 definire
1006 389 1105 421 sonati
1131 399 1241 420 sumus.
1281 389 1328 420 Ex
1357 400 1416 429 quo
1447 399 1556 429 genere
1585 391 1715 430 primum
1745 399 1798 421 eae

145 443 216 472 suut
235 440 400 471 sententiae
420 439 626 478 secundariae,
652 450 729 479 quae
749 443 804 472 aut
823 451 844 472 a
862 440 1012 478 formulis,
1042 449 1117 479 quas
1137 438 1226 469 modo
1253 439 1434 477 enumeravi,
1463 438 1569 470 addita
1589 439 1709 478 quidem
1729 448 1799 470 cou-

146 488 305 526 iunctione,
326 490 379 518 aut
399 497 418 518 a
439 487 595 527 negatione
616 488 679 519 sola
699 488 899 519 coniunctioni
919 488 1038 528 quidem
1059 486 1255 518 antecedente
1274 488 1424 528 incipiant,
1445 487 1553 518 deinde
1574 497 1635 525 eae,
1656 497 1733 527 quae
1753 487 1799 518 vel

145 538 224 570 nisi
243 536 291 568 vel
311 537 349 567 ni
370 536 518 577 particula
538 536 719 567 inducantur
738 536 788 574 (cf.
810 537 834 578 ξ.
855 537 894 569 78
915 540 982 577 sq.).

293 602 320 633 1.
353 601 422 633 Sed
442 611 514 632 non
534 605 576 632 ut
596 602 676 642 apud
695 602 866 641 Horatium,
887 602 948 634 sed
969 612 1042 633 non
1062 602 1095 632 si
1114 601 1195 642 apud
1217 600 1358 632 Senecam
1379 601 1588 641 philosophum
1608 601 1799 632 inveniuntur
1815 609 1856 635 75.

146 651 191 683 sic
209 649 350 690 copulata
369 653 404 681 ut
424 660 460 681 ea
479 651 505 682 si
525 650 644 690 explere
665 651 752 689 velis,
779 651 945 682 sententiae
970 651 1132 691 priman'ae
1156 650 1279 681 verbum
1307 649 1426 689 adiungi
1453 650 1617 690 particulae
1645 651 1801 689 negativae

146 702 292 740 oporteat.
333 699 548 737 Formularum,
579 710 656 739 quae
687 703 757 731 sunt
787 703 827 731 at
858 710 929 731 non
958 703 989 731 et
1019 710 1149 730 verum
1180 709 1252 729 non
1279 699 1426 730 interioris
1447 700 1591 731 eiusmodi
1609 710 1679 731 mm
1699 700 1802 739 aliqua

146 748 352 779 coniunctione
372 748 522 779 societatis
543 747 681 787 exempla
702 757 759 778 non
774 748 926 787 habemus,
946 748 999 779 sed
1013 752 1115 779 tamen
1131 757 1174 786 ea,
1196 758 1273 787 quae
1286 748 1443 787 quominus
1463 749 1538 778 talia
1556 748 1656 778 afferri
1676 748 1801 788 possint,

146 796 220 828 nihil
240 797 297 829 nisi
317 800 370 829 aut
390 807 485 836 usum,
506 797 558 839 qui
578 796 676 835 fuerit,
698 806 757 828 non
777 797 933 836 rationem,
955 799 1013 829 aut>
1022 796 1166 828 maiorem
1180 799 1313 828 nostram
1334 797 1365 829 in
1386 796 1555 837 colligendis
1575 797 1634 829 illis
1653 797 1801 829 incuriam

148 845 298 878 obstitisse
318 839 531 877 demonstrent.
558 845 710 877 'Ceterum
734 846 822 886 quod,
853 857 929 887 quae
950 850 1019 878 sunt
1038 846 1148 877 diversi
1169 846 1282 878 ordinis
1302 846 1515 878 sententiarum
1540 851 1656 887 partes,
1686 848 1729 879 ita
1750 857 1802 878 eas

146 895 432 936 comprehendimus,
453 898 488 925 ut
508 894 652 925 formulas
672 904 736 925 esse
756 894 890 926 dicamus
911 895 1084 926 inducendis
1104 895 1270 925 enunciatis
1290 895 1471 929 secundariis
1490 896 1695 932 inservientes,
1723 895 1802 926 hanc

146 954 209 976 rem
229 944 290 976 iam
311 953 402 984 supra
423 944 462 984 (ξ.
484 944 516 982 6)
538 942 611 974 satis
632 953 788 975 excusasse
809 943 950 975 videmur.

388 999 452 1025 Hor.
468 999 499 1025 A.
516 999 547 1026 P.
563 1001 593 1026 9:
609 999 768 1027 Pte-toribus
784 1007 865 1034 atque
878 1003 970 1035 poetis
985 1000 1119 1034 quddlibet
1132 1000 1258 1026 audendi
1273 1009 1380 1035 semper
1396 1001 1455 1034 fait
1470 1009 1558 1033 aequa
1572 1005 1706 1035 potestas.
1741 1000 1801 1028 Sd-

292 1048 354 1066 mue
370 1045 398 1066 et
412 1039 484 1066 hanc
499 1041 607 1066 oman
622 1041 793 1080 pennaeque
811 1040 958 1074 damasque
973 1042 1114 1066 videtin.-
1129 1041 1189 1066 sed
1206 1049 1273 1066 non
1290 1046 1323 1066 at
1335 1041 1460 1074 placidis
1475 1045 1572 1066 coeant
1589 1043 1718 1071 tuo-trra,
1735 1051 1802 1068 nen

291 1086 327 1107 ut
341 1083 483 1116 serpentes
499 1080 598 1107 avibus
611 1083 797 1115 Μίκκαν,
814 1081 933 1115 tim-ibas
949 1083 1017 1116 aqui
1033 1081 1069 1114 (h.
1087 1089 1109 1108 e.
1126 1081 1172 1108 sed
1189 1090 1240 1108 non
1256 1083 1367 1115 petimus
1384 1082 1521 1115 damusque
1538 1082 1576 1108 ita
1590 1083 1621 1108 ut
1638 1082 1688 1115 —).

389 1121 477 1147 Senec.
493 1120 577 1147 benef.
593 1121 639 1146 IV.
657 1122 695 1151 39,
713 1122 742 1147 2:
775 1130 887 1156 surqarn
904 1122 943 1147 ad
959 1123 1119 1155 sponsalia,
1143 1125 1208 1155 quia
1228 1126 1366 1157 promisi,
1391 1126 1514 1156 quamvis
1536 1132 1592 1150 non
1607 1127 1803 1150 concoxerim.-

291 1162 350 1188 sed
367 1170 433 1188 non
449 1163 481 1188 si
497 1161 698 1195 febricitavero.
733 1160 874 1197 Sponsum
891 1162 1068 1195 descendam,
1087 1165 1155 1196 quia
1168 1166 1309 1198 promis-i:
1330 1164 1388 1190 sed
1410 1173 1477 1190 uon
1499 1166 1531 1190 εί
1555 1164 1690 1198 spondere
1706 1165 1737 1190 In
1754 1167 1802 1191 tn—

291 1210 395 1230 certum
412 1203 524 1235 traheba,
541 1206 568 1230 ei
583 1203 651 1237 fisca
668 1205 809 1240 obligabis.

387 1244 496 1277 Legitur
513 1244 581 1277 apud
597 1243 744 1270 Ciceronem
759 1245 860 1271 Invent.
876 1246 911 1271 11.
929 1247 968 1276 58,
986 1247 1046 1272 176:
1070 1246 1108 1271 ad
1125 1245 1219 1271 hostes
1241 1248 1363 1272 transire
1387 1252 1463 1279 turpe
1479 1246 1588 1271 videtur
1603 1254 1671 1276 esse,
1688 1251 1724 1271 at
1739 1253 1803 1271 nan

291 1283 358 1309 1110
376 1286 504 1315 animo.
527 1292 589 1316 quo
612 1284 710 1311 Ulixe-s·
726 1287 856 1312 transiit:
880 1290 907 1311 et
918 1287 1071 1319 pecuniam
1089 1287 1120 1311 tn
1136 1293 1213 1310 mare
1229 1286 1350 1311 deiicere
1372 1287 1489 1314 inatile,
1515 1290 1552 1311 at
1574 1293 1639 1310 non
1660 1294 1696 1310 eo
1721 1293 1802 1311 con-

290 1325 391 1357 silio,
408 1319 647 1391 ᾳιυῖἰένῖεηρραε
663 1326 770 1352 delectu.
805 1325 857 1352 Ubi
873 1326 945 1352 vides
960 1325 1037 1352 facile
1055 1325 1135 1351 etiam
1151 1325 1229 1351 scribi
1246 1326 1374 1359 potuisse:
1408 1331 1438 1352 ot
1453 1334 1509 1352 uon
1527 1331 1557 1351 ut
1577 1339 1607 1344 -
1630 1327 1758 1354 transiit,
1775 1331 1806 1350 a!

291 1373 346 1391 uon
363 1371 394 1391 nt
409 1379 440 1384 —
504 1367 565 1392 ecit.
641 1365 645 1369 “

387 1405 494 1436 Quintil.
517 1405 589 1432 VIII.
610 1414 721 1440 prooem.
744 1407 789 1434 33:
824 1407 867 1433 Ea
890 1407 986 1434 debent
1005 1410 1152 1441 praestare
1175 1409 1236 1433 stne
1253 1407 1336 1433 dubio
1358 1414 1385 1434 ee
1399 1408 1589 1434 admirabilem
1605 1413 1633 1433 et
1655 1407 1801 1433 iucunde-u

290 1447 457 1472 orationem=
496 1454 614 1473 verum
645 1447 854 1479 admirabilem,
883 1457 950 1474 non
974 1450 1027 1475 sic
1054 1447 1221 1481 quomodo
1248 1447 1382 1482 prodima
1412 1450 1562 1479 miramur,
1595 1454 1621 1473 et
1648 1446 1804 1477 Iucunda-u,

290 1494 345 1512 non
362 1486 486 1519 deformi
502 1488 649 1521 voluptate.
690 1488 742 1513 Ubi
759 1489 782 1514 si
798 1489 825 1514 in
843 1489 974 1514 sententia
989 1488 1111 1522 primaria
1127 1489 1271 1514 orationem
1294 1488 1370 1514 modo
1388 1488 1563 1514 admirabilem
1583 1490 1672 1513 auctor
1688 1487 1804 1517 dixisset,

291 1527 330 1553 ita
347 1527 371 1553 ei
387 1535 495 1560 pergere
512 1528 593 1559 licuit,
611 1530 641 1555 ut
658 1528 777 1555 adderet:
801 1537 893 1554 veram
918 1537 972 1555 non
990 1531 1031 1554 εἰσ
1048 1528 1179 1562 quomodo
1202 1528 1333 1562 prodqqta
1351 1530 1491 1554 miramur
1507 1528 1559 1554 vel:
1582 1535 1673 1553 oera-
1698 1534 1754 1558 non
1775 1533 1806 1552 at

294 1581 326 1587 —-
344 1569 493 1595 miramur.

292 1625 321 1655 2.
353 1623 477 1664 Saepius
497 1625 592 1656 multo
612 1626 806 1658 secundariae
827 1626 991 1658 sententiae
1012 1626 1215 1665 exceptionem
1242 1625 1364 1665 quidem
1386 1626 1569 1656 continentes
1590 1625 1634 1655 ita
1654 1624 1803 1664 primariis
1821 1631 1863 1658 76.

147 1672 354 1711 adnectuntur,
375 1677 409 1704 ut
429 1674 574 1714 incipiant
594 1684 613 1705 a
633 1675 730 1706 verbis
751 1685 824 1706 non
845 1679 972 1707 tamen
994 1675 1047 1705 sic
1074 1677 1115 1705 ut
1135 1674 1181 1705 vel
1202 1684 1273 1705 non
1295 1677 1424 1705 tamen
1443 1677 1485 1705 ut
1510 1674 1554 1705 vel
1581 1674 1685 1711 etiam,
1712 1672 1806 1713 parti-

149 1721 282 1752 cularum
303 1722 451 1753 secundae
472 1726 503 1753 et
522 1723 630 1753 tertiae
650 1724 816 1755 inversione
836 1724 925 1762 facta,
953 1734 1028 1755 non
1055 1727 1097 1755 ut
1123 1727 1258 1755 tamen.
1301 1723 1384 1760 Quae
1413 1724 1533 1763 quidem
1558 1723 1715 1754 verborum
1736 1731 1807 1752 mn-

149 1770 246 1810 ceptio
266 1769 371 1801 ultimo
393 1770 459 1801 loco
487 1771 581 1802 allata
602 1771 795 1803 Ciceroniana
817 1776 876 1811 est,
909 1773 961 1804 sed
987 1776 1023 1804 ut
1049 1772 1196 1813 particula
1224 1771 1411 1803 adversativa
1432 1772 1617 1812 disiungatur
1638 1771 1767 1811 primum
1787 1779 1808 1800 a

148 1818 269 1858 reliquis
290 1819 406 1850 duabus
426 1819 571 1859 partibus,
592 1820 698 1852 deinde
718 1825 753 1853 ut
774 1822 932 1853 enunciato
953 1822 1042 1853 huius
1062 1822 1206 1853 formulae
1227 1832 1283 1862 ope
1304 1821 1420 1853 adnexo
1441 1821 1523 1852 aliud
1544 1820 1674 1852 eiusdem
1695 1818 1808 1850 ordinis

148 1868 338 1898 enunciatum
359 1872 536 1908 opponatur,
557 1869 700 1909 incipiens
722 1871 843 1910 quidem
864 1881 883 1901 a
902 1871 1000 1901 verbis
1018 1871 1083 1901 sed
1103 1874 1151 1902 ut.
1193 1871 1347 1901 Postremo
1368 1880 1427 1900 non
1447 1870 1536 1909 plane
1557 1877 1806 1909 supervacaneum

151 1918 198 1947 est
217 1926 346 1954 monere,
368 1917 392 1947 si
413 1917 445 1947 in
465 1917 599 1948 formulis
619 1918 685 1956 illis,
707 1929 782 1958 quas
803 1918 902 1958 attuli,
922 1929 977 1960 pro
998 1920 1153 1959 negatione
1174 1919 1301 1959 simplici
1327 1918 1373 1949 vel
1401 1928 1467 1949 uec
1494 1917 1541 1948 vel
1565 1926 1687 1956 neque
1713 1916 1808 1955 parti-

151 1964 219 1996 cula
238 1964 425 2003 adhibeatur,
446 1975 506 1996 non
527 1966 654 1996 eundem
674 1977 777 1998 earum
800 1978 887 1999 usum
909 1978 981 2000 esse.
1021 1968 1089 1999 Non
1110 1969 1188 1998 enim
1209 1968 1265 1998 nisi
1291 1972 1332 1998 ut
1359 1985 1398 1990 —
1427 1977 1496 1997 nec
1517 1970 1641 1997 tamen
1662 1969 1700 1995 ut
1727 1964 1808 1995 simi·

150 2013 249 2053 linque
269 2014 348 2045 inter
367 2024 399 2045 se
419 2014 558 2053 opposita
576 2015 774 2053 inveniuntur,
798 2018 833 2046 ut
853 2016 884 2046 in
898 2016 944 2047 his
957 2017 1161 2056 exceptionem
1182 2016 1279 2053 inam,
1293 2025 1383 2055 quam
1406 2015 1583 2054 quaerimus,
1603 2013 1722 2044 minime
1743 2022 1808 2043 esse

151 2061 374 2102 intelligendam
394 2065 548 2102 appareat.

395 2144 463 2170 Plin.
481 2152 520 2177 ep.
536 2143 571 2169 11.
589 2144 628 2174 11,
646 2144 690 2170 18:
727 2143 816 2171 Hm‘ue
837 2147 974 2172 actionem
996 2154 1110 2180 vespera
1132 2146 1260 2175 inclusit,
1283 2153 1349 2171 non
1371 2148 1487 2170 tamen
1509 2145 1561 2169 sic
1576 2149 1612 2169 ut
1626 2142 1808 2177 abrumperet.

297 2184 347 2210 Ubi
365 2186 426 2219 quin
442 2185 520 2211 scribi
537 2185 614 2211 etiam
636 2185 738 2211 licuerit
765 2194 834 2212 non
854 2192 964 2212 tanen
986 2189 1036 2213 tta
1057 2190 1097 2213 ut
1118 2195 1193 2213 nemo
1210 2185 1347 2212 dubitabit.
1379 2184 1537 2218 Quamquam
1554 2183 1679 2210 eiusmodi
1695 2184 1810 2217 exempla

297 2226 362 2252 mihi
378 2235 429 2253 nou
446 2228 507 2253 sunt
522 2227 549 2253 in
565 2228 692 2261 promptu.
718 2226 750 2253 cf.
767 2227 885 2254 Lactant.
902 2226 960 2254 vn.
977 2229 1000 2260 3,
1018 2229 1064 2254 11:
1081 2227 1147 2254 Nou
1162 2232 1370 2262 perspexerunt,
1386 2226 1508 2252 divinum
1527 2224 1664 2258 quidem
1681 2226 1810 2258 spir-inm

298 2275 358 2293 esse
369 2267 469 2301 abique
480 2268 619 2301 diffusum
636 2276 720 2301 eoque
735 2270 829 2295 onnia
847 2270 991 2299 contineri,
1008 2277 1075 2294 non
1092 2274 1205 2294 tamen
1223 2270 1235 2294 ί
1243 2271 1277 2293 ta
1294 2273 1329 2293 nt
1344 2266 1413 2293 deas
1431 2269 1502 2302 ipse,
1519 2268 1567 2301 qut
1577 2271 1620 2292 ese
1635 2267 1811 2300 incorruptas

300 2308 525 2342 eompttbtltbna
541 2309 686 2335 elementia
701 2310 869 2338 minc-eamr
894 2310 938 2342 qui
962 2309 1064 2342 quidem
1088 2310 1158 2335 locus
1175 2317 1231 2335 cum
1247 2316 1294 2334 usu
1311 2316 1354 2339 eo,
1380 2308 1406 2334 in
1432 2316 1482 2341 quo
1499 2307 1654 2340 exquirendo
1671 2314 1810 2340 versamur,

1580 2350 1611 2374 15
