1984 2597
968 73 1015 108 41

331 187 333 189 .
410 166 482 193 Oros.
500 166 558 193 vn.
575 167 604 193 1:
637 166 733 199 Utique
751 166 800 193 sub
816 170 970 195 reuerentia
986 169 1131 203 reliqum
1147 174 1175 194 et
1190 168 1364 201 confessione
1381 168 1509 201 cultuque
1524 175 1662 202 supernae
1675 169 1815 201 pte-nu

312 208 439 248 winnige,
454 206 580 233 asennec
595 206 786 233 duntaxat
799 207 863 241 fide,
881 210 946 241 quia
963 214 1084 235 nosm-
1100 211 1143 235 eet
1159 210 1255 241 fateri,
1270 216 1308 234 ea·
1324 216 1378 234 um
1393 211 1422 233 et
1436 216 1486 241 per·
1501 216 1587 234 unum
1597 207 1677 233 aean·
1689 213 1815 234 cmm

313 249 416 279 omna,
432 247 553 278 illorum,
570 252 624 274 tau·
642 248 747 274 multos
762 247 828 274 deos
840 253 943 283 putare
960 257 1039 282 quan
1056 249 1140 275 aulea
1156 255 1221 275 sunt
1235 250 1369 275 ele-tenta
1384 249 1421 281 (h.
1433 257 1454 274 e.
1464 249 1503 274 ita
1510 250 1597 274 tamen
1606 250 1636 274 ut
1643 247 1706 274 fides
1716 247 1814 281 distet).

711 328 714 331 ⁴
732 328 764 361 d)
782 328 962 361 Eatenus,
979 337 1048 363 qua
1064 329 1257 356 adliciuntur.

310 394 525 436 A Spaldingio
546 395 745 432 Quintilianea
765 405 829 426 esse
849 394 978 426 formula
997 395 1183 435 perhibetur:
1214 394 1299 426 dum
1324 399 1487 426 eatenus
1507 404 1594 435 qua,
1617 404 1694 435 quae
1713 395 1739 425 si
1758 397 1811 433 est,
1828 403 1869 430 54,

166 451 227 474 non
246 441 314 483 plus
333 445 434 473 tamen
453 452 546 473 unum
566 443 628 474 eius
645 444 813 484 exemplum
834 454 888 474 nec
908 443 940 474 id
959 443 1032 474 satis
1053 447 1166 474 certum
1185 442 1285 474 afferri
1305 447 1412 483 potest.

409 506 516 539 Quintil.
532 507 554 534 1.
572 509 611 538 11,
628 509 658 535 1:
691 507 824 534 Dandum
849 508 959 542 altquid
983 508 1113 534 comoedo
1138 516 1248 542 quoque,
1269 508 1340 534 dun
1362 514 1502 534 eatenus
1523 516 1587 541 qua
1607 501 1697 542 Μ’
1698 506 1815 533 uia-di

310 549 452 573 edendam
470 547 581 581 futuam:
597 552 692 574 orator
707 549 854 575 desiderat.
894 549 946 575 Ubi
967 549 1019 574 alia
1040 550 1081 574 est
1102 549 1241 581 scriptura:
1264 554 1406 574 eatenus
1430 557 1509 581 qua,
1533 556 1609 582 quam
1625 548 1753 581 interpres
1769 547 1814 574 ille

310 587 394 613 minus
409 588 555 621 elegantem
572 589 710 614 existimat.
742 587 799 620 Ego
816 588 918 621 quidem
933 597 985 615 nou
1001 589 1083 620 video,
1102 596 1165 621 quse
1179 589 1206 614 in
1223 589 1292 614 dum
1309 589 1436 621 particula
1447 589 1548 614 adiecta
1556 589 1604 615 hoe
1614 589 1670 615 loeo
1682 589 1814 621 elegantis

308 628 392 655 inesse
412 628 494 655 videri
514 629 605 663 possit.
637 628 695 660 Sed,
719 629 856 662 utcumque
878 629 969 662 idest,
992 628 1062 655 aliud
1085 629 1208 655 eiusmodi
1224 629 1363 662 exemplum
1381 637 1436 655 esse
1452 636 1499 654 nec
1515 628 1669 660 Quintiliani
1684 635 1730 653 nec
1746 628 1813 654 alius

309 670 421 696 auctoris
438 672 546 701 constat,
563 671 676 703 itemque
692 669 801 699 alteram
817 669 888 695 illam
903 670 1040 696 lectionem
1057 670 1152 703 optime
1168 671 1300 696 convenire
1317 678 1373 696 cum
1389 671 1429 701 iis,
1447 677 1512 703 quse
1528 678 1606 704 supra
1621 670 1656 703 (9.
1673 670 1715 702 33)
1732 669 1814 695 aihta
1860 671 1863 672 ⁷

310 711 378 736 sunt.
410 710 555 743 Spaldingii
576 711 653 736 lectio
676 710 697 735 si
723 709 859 735 retinenda
875 712 923 741 est,
945 711 1013 743 quod
1029 711 1079 736 nisi
1096 711 1225 736 codicibus
1241 719 1341 736 rursum
1357 711 1477 744 inspectis
1492 711 1625 737 diiudicari
1649 711 1719 736 nullo
1736 710 1812 736 modo

309 751 403 783 potest,
421 750 459 776 ita
472 752 512 776 est
527 751 597 776 locus
615 749 814 783 intelligendum
838 749 987 776 dummodo
1003 750 1053 776 des
1068 756 1182 776 eamus
1197 751 1284 782 modo,
1302 757 1433 784 quaetenus
1449 765 1481 770 —
1497 751 1646 777 desiderat.

820 839 853 872 c)
869 839 980 866 Prius
996 839 1146 865 adiicitur.

309 904 393 934 Duae
414 906 484 934 sunt
504 903 649 934 formulae
668 904 713 934 ita
732 907 957 944 coagmentatae
979 908 1014 934 ut
1033 904 1073 935 ad
1093 903 1286 935 secundariae
1296 904 1460 940 sententiae
1471 907 1607 935 naturam
1624 908 1808 936 coercentem
1826 915 1868 943 55,

164 952 284 993 quidem
303 952 420 991 planius
441 951 702 983 demonstrandam
721 952 828 990 prius
848 952 1022 983 adverbium
1044 953 1242 983 coniunctioni
1263 952 1413 983 adiectum
1423 953 1583 986 videamus.
1624 954 1700 984 Sunt
1709 956 1810 984 autem

163 1001 235 1033 hae:
256 1000 288 1032 si
308 1000 417 1040 prius
438 1003 469 1031 et
487 1010 567 1031 cum
587 999 706 1040 prius,
727 999 834 1039 quibus
855 1010 926 1031 num
945 1000 1066 1031 tertiam
1087 1000 1157 1032 addi
1177 1000 1273 1039 liceat,
1295 1011 1371 1040 quae
1389 1002 1429 1032 sit
1448 1004 1489 1032 ut
1508 1002 1628 1042 prius,
1649 1001 1811 1032 deficienti-

165 1050 222 1082 bus
241 1060 296 1081 nos
316 1049 466 1090 exemplis,
499 1049 543 1080 ita
562 1049 593 1079 in
614 1048 704 1079 dubio
724 1048 926 1089 relinquimus,
957 1052 992 1080 ut
1012 1053 1114 1082 tamen
1134 1050 1292 1081 verisimile
1311 1049 1343 1080 id
1364 1060 1427 1081 esse
1447 1060 1628 1083 censeamus
1679 1050 1810 1090 Respon-

165 1099 267 1131 dentia
286 1099 365 1131 enim
385 1099 462 1130 inter
482 1108 514 1129 se
534 1098 590 1129 ita
608 1116 649 1122 —
674 1101 716 1129 ut
736 1099 842 1138 prius
862 1099 1058 1130 inveniuntur.

408 1164 471 1190 Cod.
486 1164 578 1189 Iustin.
594 1163 629 1189 11.
645 1163 669 1193 8,
685 1164 714 1189 2:
731 1162 895 1197 dispositum
913 1169 955 1189 est
968 1163 1171 1196 (constitutione)
1188 1164 1201 1188 t
1206 1166 1239 1188 ta
1256 1164 1340 1188 licere
1354 1164 1652 1190 ntmvelcuramrem
1661 1163 1809 1190 demur-e-

306 1205 475 1240 pupillarem
491 1204 609 1235 colvm,
634 1208 669 1229 ut
691 1205 796 1238 prius
818 1203 964 1230 indic-talis·
985 1205 1123 1230 sententia
1142 1205 1203 1229 eine
1225 1205 1301 1229 omni
1323 1204 1427 1229 damno
1445 1204 1581 1230 celebrata
1596 1205 1649 1230 hoc
1662 1207 1810 1238 penulae.

309 1244 365 1276 Quo
381 1245 436 1270 loco
453 1245 476 1270 si
491 1245 634 1278 legeretur:
650 1243 813 1278 dispositum
830 1249 880 1274 est,
896 1243 980 1269 licere
997 1246 1086 1270 tutori
1102 1257 1133 1263 —
1150 1244 1265 1274 solvere,
1282 1249 1312 1270 ut
1322 1245 1406 1278 prim
1422 1246 1608 1277 —permteeat
1622 1244 1658 1277 (h.
1676 1252 1698 1270 e.
1714 1245 1752 1270 ita
1768 1247 1808 1270 ta-

307 1293 365 1311 men
381 1288 411 1311 ut
426 1286 497 1319 prius
514 1299 546 1304 —
562 1285 705 1318 permittat)
722 1284 755 1309 ad
771 1292 859 1323 usum,¹
873 1291 947 1316 quem
963 1285 1115 1317 quaerimus,
1132 1285 1272 1317 exemplum
1287 1285 1435 1317 pertineret.

310 1342 337 1374 1.
359 1341 495 1373 Handius
514 1341 565 1374 IV.
586 1343 644 1374 567
667 1341 726 1372 duo
747 1341 883 1382 exempla
903 1340 991 1372 affert
1011 1337 1203 1373 Ciceroniana
1233 1341 1315 1373 Lael.
1339 1343 1385 1379 16,
1405 1343 1444 1372 59
1466 1345 1497 1372 et
1517 1341 1573 1374 Off.
1594 1342 1631 1373 11.
1653 1344 1680 1380 6,
1701 1342 1750 1379 2-2,
1771 1351 1809 1372 ex
1825 1352 1865 1378 56.

161 1390 271 1431 quibus
291 1390 360 1421 licet
380 1390 508 1430 quidem,
529 1401 589 1422 non
608 1394 708 1422 tamen
729 1390 819 1421 liceat
837 1390 945 1428 videre,
965 1391 1055 1421 verba
1075 1391 1104 1422 si
1124 1391 1229 1431 prius
1248 1390 1392 1421 formulae
1402 1390 1498 1421 instar
1507 1391 1630 1421 inveniri
1641 1391 1806 1422 coniuncta.

163 1438 226 1470 Nec
246 1439 408 1479 quidquam
428 1439 520 1478 addit,
551 1450 588 1470 ex
608 1450 667 1480 quo
688 1443 742 1470 aut
762 1449 839 1479 quae
859 1442 968 1469 natura
988 1439 1028 1470 sit
1047 1439 1192 1470 formulae
1219 1442 1273 1470 aut
1293 1439 1442 1479 quomodo
1462 1439 1647 1479 potissimum
1669 1439 1808 1480 usurpari

159 1488 265 1527 soleat,
285 1492 489 1529 cognoscatur.
529 1489 584 1520 Est
604 1493 703 1520 autem
725 1499 796 1519 usus
815 1489 878 1519 eius
896 1488 1024 1519 maxime
1044 1488 1252 1520 memorabilis.
1295 1487 1389 1525 Quem
1408 1487 1433 1519 si
1456 1490 1594 1519 accurate
1614 1486 1737 1519 definire
1756 1499 1807 1520 vo-

162 1536 260 1574 lueris,
291 1536 366 1568 haec
396 1537 456 1568 tria
487 1537 650 1577 spectanda
673 1541 769 1570 erunt.
822 1537 954 1569 Primum
974 1547 1035 1567 non
1054 1536 1213 1568 adhibetur
1233 1536 1290 1567 nisi
1306 1536 1346 1566 ad
1365 1535 1547 1567 inducendas
1567 1537 1729 1567 sententias
1749 1537 1811 1577 pri-

158 1585 275 1617 mariae
295 1585 549 1617 adhaerescentes.
593 1585 683 1617 Nullo
704 1585 782 1617 enim
802 1585 876 1624 loco,
897 1586 978 1626 quod
998 1586 1098 1624 sciam,
1118 1586 1149 1617 in
1169 1586 1283 1626 protasi
1296 1585 1433 1618 occurrit.
1475 1585 1589 1616 Deinde
1600 1584 1709 1625 ubique
1719 1585 1812 1616 habet

163 1635 223 1666 vim
243 1637 435 1672 coercentem,
466 1638 501 1665 ut
530 1635 610 1666 idem
641 1635 740 1666 valeat
769 1634 849 1674 quod
877 1635 936 1666 ita
955 1639 1093 1673 tamen,
1124 1635 1156 1666 si
1176 1635 1282 1675 prius
1304 1652 1350 1672 -—‚
1381 1634 1442 1665 sive
1462 1644 1536 1665 non
1556 1634 1664 1674 prius
1684 1638 1811 1666 tamen

161 1692 270 1723 quam
290 1682 323 1713 si
344 1699 391 1713 —.
413 1683 546 1713 Tertium
567 1686 613 1713 est
632 1683 714 1720 illud,
735 1683 824 1722 quod,
844 1683 1029 1724 paucissimis
1050 1684 1122 1715 locis
1143 1684 1281 1723 exceptis,
1303 1683 1403 1714 sedem
1424 1693 1484 1714 non
1504 1683 1566 1714 fere
1586 1683 1677 1714 habet
1701 1684 1759 1714 nisi
1778 1684 1810 1714 in

163 1730 389 1763 transitionibus
410 1731 588 1771 quibusdam
608 1732 653 1763 ita
673 1731 856 1763 constitutis:
887 1731 957 1763 hoc
985 1731 1122 1770 dicam,
1154 1731 1186 1762 si
1216 1731 1322 1771 prius
1351 1730 1449 1761 illud
1478 1730 1608 1762 dixero
1641 1731 1682 1768 (h.
1703 1741 1728 1763 e.
1749 1741 1810 1762 non

161 1781 244 1822 prius
264 1783 365 1811 tamen
385 1790 476 1820 quam
497 1781 523 1811 si
542 1781 616 1812 illud
637 1781 762 1820 dixero).
804 1781 887 1819 Quae
907 1791 998 1822 quam
1018 1780 1116 1821 gravis
1140 1779 1270 1810 conditio
1290 1779 1430 1810 habenda
1450 1780 1490 1811 sit
1510 1790 1658 1820 quamque
1678 1780 1717 1811 ad
1737 1790 1809 1811 enu-

162 1828 318 1862 cleandam
347 1839 410 1860 rem
432 1838 506 1869 eam,
539 1841 630 1870 quam
650 1831 701 1871 qui
721 1831 855 1871 loquitur
875 1830 922 1861 vel
942 1830 1046 1869 scribit
1065 1829 1289 1860 enucleatumm
1309 1839 1341 1859 se
1361 1829 1421 1859 iam
1444 1839 1509 1860 esse
1529 1829 1560 1859 in
1580 1830 1723 1869 primaria
1742 1839 1809 1860 sen—

162 1878 258 1911 tentia
276 1877 420 1919 promisit,
447 1880 622 1919 necessaria,
652 1890 690 1912 ex
709 1880 766 1912 hoc
786 1880 860 1918 loco,
880 1880 912 1911 ni
931 1878 1027 1918 fallor,
1058 1878 1188 1918 solivago
1209 1878 1319 1909 elucet:
1362 1876 1422 1911 Cic.
1443 1877 1483 1909 ad
1503 1877 1632 1910 Herenn.
1653 1877 1703 1909 IV.
1726 1878 1751 1916 1,
1773 1878 1808 1909 1:

162 1929 252 1959 Nm·
272 1945 312 1950 —
333 1928 388 1958 tibi
406 1929 450 1965 id,
471 1931 553 1969 quod
572 1931 780 1970 reliquum-eat
800 1932 875 1961 artis
894 1932 984 1961 aaut
1000 1930 1192 1967 ὑυίίειίηιω,
1223 1927 1425 1967 persolvemus.
1469 1929 1547 1959 Sed
1564 1928 1725 1968 facilins
1744 1939 1809 1958 no-

161 1980 276 2007 ctram
295 1977 479 2007 rationem
499 1979 712 2018 ίηὶοὶἱίῃοι,
744 1981 777 2009 εἰ
803 1976 937 2018 ρνίιισ,“
961 1976 1036 2018 qui'd
1056 1978 1104 2008 illa·
1123 1978 1237 2013 dicant,
1265 1978 1445 2015 comeaeris,
1476 1977 1533 2007 nisi
1552 1976 1629 2007 forte
1649 1976 1698 2007 hic
1717 1977 1809 2007 etiam

163 2025 320 2067 legendum
340 2028 400 2058 est:
420 2026 628 2066 persolvemus,
650 2026 675 2057 si
692 2027 774 2066 prius
795 2045 834 2050 —
856 2026 1036 2066 cognoveris,
1063 2025 1113 2063 (cf.
1134 2029 1160 2063 ἕ.
1182 2025 1229 2063 62,
1250 2024 1290 2055 ad
1311 2025 1351 2063 1.)
1393 2024 1614 2055 Transitionum
1634 2024 1725 2064 igitur
1743 2023 1809 2055 illa-

160 2084 230 2105 rum
249 2074 324 2106 haec
344 2075 421 2106 ratio
442 2079 488 2106 est
507 2078 542 2106 ut
560 2075 593 2105 in
613 2076 761 2106 sententia
780 2075 924 2115 primaria
943 2085 992 2106 res
1012 2085 1049 2106 ea
1070 2077 1316 2105 commemoretur
1335 2073 1473 2113 primum,
1504 2083 1581 2113 quae
1600 2073 1661 2104 iam
1681 2073 1722 2104 sit
1741 2083 1808 2113 per-

159 2122 322 2163 sequenda,
342 2126 377 2154 ut
396 2123 498 2155 statim
518 2124 677 2155 transitum
697 2124 734 2154 iri
755 2124 794 2155 ad
815 2134 882 2156 eam
902 2127 1062 2163 exspectes,
1091 2123 1122 2153 in
1142 2122 1316 2154 secundaria
1336 2121 1450 2160 deinde,
1478 2122 1651 2162 priusquam
1671 2121 1711 2152 ad
1730 2121 1809 2153 hanc

162 2181 227 2202 rem
256 2172 353 2212 ipsam
381 2175 558 2211 transeatur,
588 2173 737 2213 interponi
769 2176 906 2213 oportere
925 2171 1008 2203 aliud
1029 2171 1102 2212 quid
1120 2171 1303 2209 ostendatur,
1333 2170 1414 2210 quod
1435 2171 1518 2211 prIus
1538 2181 1558 2202 a
1578 2170 1743 2211 legentibus
1763 2169 1809 2201 vel

163 2219 352 2251 audientibus
379 2221 516 2261 cognosci
543 2231 662 2253 necesse
683 2222 728 2254 sit.
769 2222 816 2252 Ex
835 2231 895 2261 quo
915 2222 1064 2252 sententia
1082 2221 1226 2261 primaria
1244 2230 1298 2260 per
1316 2219 1450 2251 futurum
1470 2220 1595 2261 simplex
1615 2219 1714 2252 efferri
1733 2219 1810 2251 solet

160 2269 292 2309 (loq-ar,
312 2271 447 2306 scribam,
468 2271 592 2311 docebo)
613 2274 666 2302 aut
686 2273 766 2302 certe
787 2269 870 2302 verbi
889 2269 985 2301 forma
1005 2269 1124 2300 notione
1145 2268 1265 2309 quidem
1285 2267 1329 2298 illi
1349 2269 1575 2300 accommodata
1588 2268 1721 2300 exhiberi
1742 2269 1808 2310 (do-

1582 2318 1609 2344 11
