1984 2597
72 437 112 463 35.

72 1267 111 1293 36.

376 231 408 258 ef.
426 231 462 258 id.
479 231 539 259 XII.
556 233 596 264 24,
615 233 643 259 1:
669 241 741 266 aqua
758 233 869 258 narina
886 245 918 251 -
936 232 971 258 de
986 231 1086 267 pae1090
1102 230 1233 257 sumunda
1249 236 1292 256 est
1307 233 1390 264 aeque
1405 232 1437 256 in
1454 230 1601 257 dimidiam
1614 235 1731 267 parton·
1746 233 1793 260 dc-

277 272 432 306 coqnoenda:
453 281 524 306 quoe
539 281 603 299 cuns
619 275 658 300 in
674 277 806 300 tantun·
824 272 991 306 refrt-verit,
1009 275 1178 305 quantun}
1193 280 1234 298 ne
1250 274 1379 298 contacta
1396 279 1496 307 corpu
1511 275 1591 304 «rac,
1612 279 1724 308 pamm
1739 274 1793 302 ali.

278 320 361 346 qnam
378 315 439 340 eius
456 326 488 332 —
505 315 566 348 pici
580 313 805 340 immiscebimus.

376 353 465 380 Senec.
484 355 598 381 controv.
615 354 651 381 11.
670 355 708 386 15,
723 363 749 388 p.
768 354 827 381 192:
853 352 996 383 Matrona,
1013 361 1083 386 qime
1100 361 1129 379 ne
1146 352 1279 379 adversae
1295 352 1482 379 conscientes
1498 353 1609 380 saluam
1631 354 1712 384 volet,
1726 363 1794 390 pro-

277 394 345 420 deut
360 396 397 420 tn
414 398 555 421 tantum
571 401 672 421 ornata
689 404 729 422 ne
746 394 892 421 {sumunda
908 395 953 420 m.

277 434 305 465 4.
326 434 495 473 Formulae,
527 446 605 475 quae
624 439 695 466 sunt
715 446 795 466 cum
817 444 857 465 eo
878 434 979 474 quod
1000 453 1054 471 —,
1086 444 1165 464 cum
1186 444 1228 464 eo
1250 437 1291 464 ιιι
1312 452 1366 471 -,
1398 444 1478 465 cum
1500 445 1542 465 eo
1563 445 1605 466 ne
1627 453 1679 473 —,
1708 435 1740 466 in
1759 446 1791 467 se

129 481 251 522 quidem
280 482 357 514 nihil
387 483 550 515 admodum
581 483 701 524 habent,
732 493 769 514 ex
796 492 856 522 quo
876 483 908 513 in
928 483 965 513 iis
986 483 1045 513 vim
1065 483 1161 513 inesse
1182 485 1369 513 coercentem
1390 483 1496 513 coniici
1515 483 1613 514 liceat
1655 483 1696 515 Et
1715 486 1787 515 sunt

129 531 267 572 exempla
286 542 347 563 non
367 542 472 572 pauca,
504 532 585 564 unde
606 532 735 564 duarum
758 532 886 572 quidem,
918 542 994 572 quas
1014 532 1101 572 posui
1121 531 1245 572 priores,
1266 531 1327 562 vim
1347 531 1391 562 illi
1411 531 1501 572 plane
1522 533 1704 564 contrariam
1724 543 1789 564 esso

128 590 216 619 posse
237 580 395 619 eluceat.‘)
437 581 496 612 Sed
523 584 626 612 tamen
658 581 785 612 multum
816 581 902 611 abest
933 583 967 611 ut
994 580 1033 611 ab
1063 580 1205 611 hocloco
1226 580 1342 620 possint
1362 581 1488 614 excludi.
1529 581 1607 612 Nam
1622 591 1705 623 ,quae
1724 592 1792 613 sen-

129 628 226 660 tentia
256 629 400 670 primaria
432 630 631 667 continentur,
663 629 914 670 quemadmodum
947 638 983 659 ea
1004 628 1184 660 extendendi
1204 629 1264 659 vim
1284 627 1481 660 formularum
1501 629 1620 660 illarum
1639 629 1792 670 propriam

130 688 194 709 esse
225 688 286 710 non
316 681 429 710 temere
460 679 579 718 dixeris,
610 680 667 711 nisi
696 690 820 711 excussa
846 678 1004 718 diligenter
1024 678 1240 710 sententiarum
1260 678 1401 719 ipsarum,
1433 689 1510 719 quae
1529 679 1566 710 iis
1586 681 1791 718 contexantur,

129 727 254 765 ratione,
285 728 329 758 ita
359 728 452 759 etiam
480 729 511 759 in
530 739 564 760 re
584 739 628 767 ea,
661 739 751 769 quam
773 729 951 768 quaerimus,
973 727 1173 759 consideratio
1191 728 1244 758 illa
1264 728 1352 759 unica
1371 728 1492 761 valebit.
1533 727 1672 760 Efficitur
1690 731 1792 760 autem

130 786 174 814 ea,
196 786 260 807 esse
280 776 362 808 locos
382 777 551 816 nonnullos,
579 788 616 809 ex
637 778 746 818 quibus
766 777 908 809 formulas
928 777 987 808 huc
1008 777 1100 808 etiam
1120 777 1185 808 iure
1205 787 1241 808 ac
1261 777 1369 808 merito
1389 777 1494 808 referri
1514 781 1669 818 appareat.
1711 778 1792 815 Quos

128 825 210 856 locos
232 836 300 856 cum
321 825 387 857 aliis
408 826 530 866 quidem
554 831 730 860 commixtos
750 828 780 858 in
802 826 967 858 Tursellino
989 825 1025 859 11.
1049 826 1108 858 166
1132 826 1240 858 allatos
1259 826 1398 858 invenies.

374 882 483 914 Quintil.
500 884 532 910 X.
548 885 572 915 7,
592 885 635 910 13:
654 883 712 909 Nec
728 884 846 917 fortuiti
862 885 1001 908 ser-»nonis
1017 886 1182 908 contextum
1198 883 1324 908 miv-abm-
1339 891 1465 917 unquam
1482 893 1530 909 —.·
1546 892 1623 910 cum
1639 892 1677 909 eo
1694 884 1790 918 quod,

277 925 304 948 si*
329 924 409 949 calor
433 932 467 949 ac
482 926 604 958 spiritus
627 924 705 954 tum,
730 924 894 957 frequenter
919 923 1023 949 accidit
1039 926 1072 948 ut
1090 931 1246 948 succes-nam
1262 923 1485 957 extemporalem
1501 925 1635 957 consequi
1649 932 1719 950 cura
1735 932 1791 950 mm

274 965 368 997 ponit
385 963 443 996 (mit
460 964 506 990 der
523 964 738 997 Einschrfinkung
754 964 847 994 indess,
865 964 925 989 dass
942 963 1023 989 often
1041 977 1080 993 -,
1102 971 1151 989 nur
1168 963 1228 988 dass
1245 963 1318 989 nicht
1335 971 1366 989 zu
1381 963 1496 996 lingnen
1512 964 1548 989 ist
1564 964 1625 990 dass
1642 964 1741 997 litters).

375 1005 431 1031 Liv.
448 1005 521 1031 VIII.
540 1006 578 1036 14,
595 1006 624 1031 2:
642 1005 800 1031 Lanuvinis
817 1006 918 1030 cinctas
934 1004 1004 1030 daea
1021 1012 1156 1037 sacraque
1172 1012 1226 1030 sna
1235 1003 1347 1029 reddita
1364 1011 1439 1030 eam
1455 1012 1491 1029 eo
1507 1007 1545 1030 ut
1562 1004 1645 1030 aedes
1657 1005 1791 1039 lucusque

278 1044 410 1080 Sospitae
427 1045 551 1072 ,Ιιιηωιίε
567 1047 726 1072 communie
742 1044 899 1071 lanuvini:
915 1052 980 1070 cam
997 1045 1101 1079 populo
1121 1044 1249 1070 Romano
1265 1048 1345 1071 esset.
1379 1044 1415 1071 id.
1432 1044 1550 1071 XXXVI.
1568 1046 1591 1077 5,
1609 1045 1632 1072 3.

376 1086 510 1113 Columell.
526 1086 558 1113 V.
576 1088 599 1117 1,
616 1087 646 1113 4:
687 1085 785 1112 Verum
810 1087 945 1119 quoniam
971 1084 1158 1118 familiariter
1183 1093 1201 1110 u
1218 1085 1296 1111 nobis
1312 1088 1345 1111 tu
1361 1093 1478 1119 quoque,
1496 1085 1612 1117 Silvine,
1635 1088 1787 1121 praecepta

278 1135 477 1153 mensurarum
494 1127 649 1157 deuderab
666 1126 800 1160 obsequar
817 1127 956 1152 colunum
973 1128 1039 1151 tuae
1055 1132 1131 1150 cum
1148 1133 1187 1150 eo
1203 1133 1243 1151 ne
1260 1125 1369 1151 dubites
1386 1126 1418 1151 td
1433 1133 1503 1161 opus
1510 1129 1718 1161 geometrarum
1725 1135 1790 1152 ma-

275 1168 320 1202 91⁸
337 1175 397 1193 esee
414 1175 501 1201 quam
518 1169 690 1193 rusticorum
707 1167 808 1199 deeque
825 1167 944 1194 veniam,
962 1167 989 1191 s!
1006 1165 1076 1199 quid
1092 1167 1124 1191 {n
1140 1173 1172 1191 eo
1188 1165 1281 1199 fuer-it
1297 1168 1434 1197 malum,
1450 1168 1533 1193 cuius
1549 1168 1698 1193 scientiam
1714 1166 1790 1193 mm

276 1215 332 1234 non
349 1207 468 1234 ainaim.
502 1207 570 1234 Cels.
585 1208 610 1239 7,
627 1208 667 1234 22.

277 1258 306 1288 5.
327 1256 363 1287 In
383 1256 550 1288 iudicandis
571 1257 713 1294 formulis,
735 1267 811 1296 quae
833 1259 902 1287 sunt
923 1256 976 1286 sic
997 1259 1038 1286 ιιι
1058 1260 1088 1287 et
1109 1256 1167 1287 ita
1187 1259 1244 1293 ut,
1265 1256 1324 1287 huc
1337 1260 1429 1297 atque
1443 1256 1513 1287 illuc
1526 1256 1653 1288 fluctuat
1665 1257 1790 1288 animus.

128 1304 304 1336 Paucissimi
325 1306 405 1336 enim
425 1305 488 1336 fere
510 1306 568 1336 loci
588 1309 666 1343 sunt,
687 1306 738 1345 qui
757 1315 817 1335 non
838 1304 997 1344 dupliciter
1017 1305 1133 1344 possint
1153 1305 1286 1344 intelligi,
1307 1309 1342 1336 ut
1363 1306 1512 1336 sententia
1533 1305 1710 1336 secundaria
1728 1305 1791 1345 pri-

127 1354 241 1384 mariae
261 1357 293 1385 et
313 1354 395 1385 velut
416 1354 656 1394 supplementum
676 1354 765 1385 adiici
784 1354 815 1384 in
839 1363 933 1393 eaque
954 1363 1032 1392 quae
1052 1354 1154 1384 insunt
1175 1364 1212 1384 ne
1234 1354 1441 1385 existimentur
1454 1353 1544 1384 latius
1557 1354 1701 1393 patentia,
1722 1363 1792 1393 pro-

127 1402 230 1434 hibere
260 1402 336 1433 velle
356 1402 497 1433 videatur
530 1407 560 1434 et
591 1413 656 1434 eam
677 1403 810 1433 adverbii
831 1402 927 1433 instar
947 1401 1046 1438 verbo,
1078 1402 1158 1442 quod
1179 1402 1300 1442 proprie
1321 1402 1438 1440 dicitur,
1471 1402 1605 1433 adiuncti
1625 1402 1738 1433 directe
1758 1405 1790 1433 ct

127 1451 302 1491 simpliciter
329 1451 454 1482 definire
474 1451 622 1482 censenda
643 1451 690 1483 sit.
731 1450 809 1482 Nam
831 1451 991 1490 diliqaentaer
1011 1451 1112 1481 literas
1133 1452 1261 1481 scribere
1281 1454 1312 1482 et
1332 1453 1377 1482 ita
1398 1443 1500 1482 litei-as
1520 1452 1647 1482 scribere
1665 1455 1699 1482 ut
1720 1451 1789 1481 dili-

125 1503 228 1540 9entt‘a
262 1502 358 1530 utaris
389 1504 420 1531 et
449 1502 551 1531 literas
572 1502 700 1531 scribere
721 1502 780 1530 ita
801 1504 842 1530 ut
863 1499 1021 1538 diligentia
1042 1501 1146 1535 utaris,
1179 1500 1253 1530 nihil
1273 1500 1352 1531 inter
1371 1511 1403 1531 se
1424 1501 1562 1532 videntur
1582 1499 1709 1531 differre.
1750 1499 1792 1531 Et

127 1553 229 1581 tamen
250 1550 354 1590 negari
374 1550 487 1590 nequit,
508 1549 632 1580 tertium
653 1548 710 1579 hoc
731 1548 833 1579 multis
853 1547 927 1578 locis
949 1557 1013 1578 esse
1034 1548 1179 1579 eiusmodi
1200 1552 1234 1579 ut
1254 1548 1342 1587 idem,
1364 1549 1445 1589 quod
1466 1550 1569 1579 literar
1578 1549 1706 1579 sev-ihm
1724 1548 1792 1578 sea

128 1600 184 1628 ita
204 1602 243 1628 ut
264 1599 425 1638 diligentia
447 1600 544 1629 utaris
575 1601 629 1628 aut
656 1597 765 1628 debeat
792 1596 890 1628 valere
911 1600 964 1627 aut
985 1600 1066 1627 certe
1086 1598 1188 1637 possit.
1229 1597 1264 1628 In
1286 1608 1345 1638 quo
1367 1608 1428 1638 qua
1447 1608 1480 1628 re
1501 1598 1661 1628 metiamur
1681 1605 1791 1636 genera

127 1646 202 1677 haec
224 1646 283 1678 duo
303 1650 335 1678 et
355 1657 539 1687 separemus,
571 1647 644 1677 nihil
673 1649 719 1677 est
736 1646 792 1676 nisi
814 1645 979 1676 sententiae
999 1646 1160 1685 primariae
1179 1647 1310 1685 gravitas
1331 1646 1487 1686 quaedam.
1529 1645 1586 1676 Illa
1605 1646 1684 1677 enim
1703 1646 1729 1676 si
1748 1645 1792 1676 ita

127 1695 244 1725 videtur
265 1705 329 1726 esse
349 1695 514 1735 proposita,
535 1698 578 1733 ut,
598 1705 676 1734 quae
698 1694 845 1731 exhibeat,
866 1694 1005 1725 absoluta
1026 1704 1090 1725 esse
1111 1697 1142 1725 et
1163 1695 1249 1734 quasi
1269 1690 1420 1730 liberrime
1437 1695 1540 1734 vagari
1560 1704 1680 1725 oensem
1692 1694 1790 1731 liceat,

126 1742 342 1781 additamento,
374 1743 455 1783 quod
487 1743 666 1783 quaerimus,
697 1753 733 1774 ea
754 1743 884 1774 coartari
907 1746 938 1773 et
959 1743 1048 1774 certis
1069 1743 1248 1782 quibusdam
1269 1743 1300 1773 in
1320 1742 1430 1773 finibus
1450 1742 1539 1782 defigi
1559 1742 1694 1782 putanda
1714 1745 1792 1772 sunt.

127 1791 214 1829 Quod
234 1792 356 1833 quidem
378 1793 509 1824 maxime
530 1792 680 1833 quadrare
697 1792 737 1824 ad
757 1792 838 1824 locos
860 1802 910 1823 eos
931 1792 1056 1830 videtur,
1075 1791 1127 1823 ubi
1147 1792 1178 1823 in
1194 1792 1339 1833 primaria
1353 1791 1558 1824 enuntiatione
1572 1787 1722 1823 concessio
1743 1793 1791 1822 est

127 1842 228 1881 aliqua
248 1845 303 1873 aut
322 1845 527 1882 praeceptum.
570 1842 759 1882 Quamquam
778 1852 816 1873 ne
837 1843 880 1873 sic
900 1843 1021 1882 quidem
1041 1842 1137 1881 legem
1158 1842 1258 1879 statui,
1280 1852 1299 1873 a
1319 1852 1380 1881 qua
1399 1841 1499 1873 recedi
1518 1852 1579 1872 non
1592 1840 1695 1881 possit,
1716 1839 1793 1871 mul-

128 1894 251 1930 tumque
282 1891 382 1922 sensui
413 1891 557 1931 cuiusque
588 1894 619 1922 et
649 1891 776 1922 arbitrio
806 1891 940 1931 permitti
962 1891 1104 1922 videmus.
1147 1890 1209 1922 Nec
1230 1901 1300 1922 vero
1321 1894 1465 1932 negantes
1485 1890 1554 1921 illae
1573 1889 1720 1921 formulae
1739 1889 1792 1920 sic

128 1949 172 1969 ne
194 1957 247 1977 —,
268 1939 321 1970 ita
340 1949 383 1970 ne
403 1958 458 1978 —,
478 1940 537 1971 ita
556 1943 597 1971 ut
617 1950 659 1971 ne
679 1959 720 1965 --
751 1939 826 1971 nihil
857 1940 977 1971 omnino
1008 1939 1205 1971 dubitationis
1236 1940 1357 1974 habent.
1400 1939 1540 1972 Ceterum
1560 1939 1636 1971 haec
1655 1939 1793 1970 videntur

128 1997 192 2018 esse
214 1987 359 2026 addenda,
380 1989 512 2028 primum
532 1988 699 2028 particulae
720 1998 810 2028 saepe
822 1988 902 2019 inter
916 1999 947 2019 se
961 1988 1184 2028 respondentes,
1204 1989 1261 2019 sic
1281 2006 1322 2012 —
1342 1989 1375 2019 si
1396 1991 1427 2020 et
1446 1989 1501 2020 ita.
1522 2007 1562 2012 —
1581 1988 1613 2019 si
1641 1998 1712 2018 num
1738 1987 1793 2018 ali-

275 2069 297 2101 .)
315 2068 347 2094 cf.
365 2077 431 2096 cum
450 2077 483 2096 eo
500 2070 585 2104 quod
601 2070 709 2102 Quintil.
726 2070 786 2096 XII.
804 2071 844 2102 10,
861 2071 893 2097 47
903 2070 999 2104 Spald.,
1017 2078 1085 2096 cum
1103 2078 1137 2096 eo
1154 2070 1282 2104 quidem
1299 2069 1437 2103 quodid.
1453 2070 1488 2096 11.
1500 2071 1524 2101 4,
1538 2070 1554 2096 9
1570 2068 1647 2102 (noch
1664 2076 1731 2102 gans
1747 2068 1792 2095 ab·

126 2109 241 2141 gesehen
258 2109 343 2135 davon
360 2109 428 2140 dass,
445 2111 513 2137 sive:
530 2119 602 2137 vozu
618 2111 685 2137 noch
700 2111 774 2144 jener
791 2111 915 2145 wichtige
922 2111 1050 2137 Umstand
1068 2111 1243 2137 hinzukommt
1260 2111 1338 2144 dass),
1357 2119 1424 2137 cnm
1442 2119 1475 2137 οο
1492 2113 1529 2136 ιιι
1556 2109 1612 2136 Liv.
1629 2110 1701 2137 VIII.
1718 2111 1758 2141 14,
1767 2110 1792 2137 8.

126 2150 206 2176 XXX.
225 2151 265 2177 10.
282 2151 322 2177 21.

274 2191 312 2218 Ex
329 2191 418 2218 eodem
435 2200 530 2225 genere
546 2194 620 2219 sunt:
646 2193 740 2219 simul
758 2193 842 2226 quod
866 2192 918 2218 Cic.
935 2192 1008 2218 Verr.
1026 2192 1058 2217 V.
1075 2192 1115 2222 32,
1132 2192 1172 2218 84.
1197 2191 1253 2218 Liv.
1270 2191 1354 2218 xxn.
1368 2193 1411 2224 43,
1428 2193 1453 2219 5.
1479 2192 1574 2218 simul
1591 2192 1669 2225 quia
1685 2192 1791 2218 Sallust.

125 2233 202 2259 Catil.
220 2233 260 2264 19,
278 2234 302 2259 1.
320 2233 360 2264 20,
378 2234 402 2259 3.
437 2232 544 2264 Quintil.
561 2233 583 2259 1.
600 2235 623 2265 1,
642 2234 681 2260 12.
710 2234 805 2260 simul
822 2235 858 2260 ut
883 2232 935 2259 Cic.
953 2232 1026 2259 Verr.
1043 2232 1078 2259 11.
1103 2232 1124 2258 Ι.
1141 2233 1182 2264 47,
1208 2232 1264 2258 121.
1282 2232 1350 2260 Plin.
1367 2232 1400 2259 Η.
1416 2233 1450 2259 N.
1468 2233 1508 2264 16,
1527 2233 1564 2260 16.
1590 2232 1695 2260 Sallust.
1711 2231 1790 2260 enfil.

125 2275 164 2304 58,
180 2275 204 2299 3.
220 2274 276 2300 Liv.
294 2273 367 2299 VIII.
384 2275 407 2305 6,
425 2275 464 2305 11,
488 2275 581 2301 lustin.
599 2276 639 2305 14,
657 2276 680 2301 1.
706 2274 780 2301 Caes.
796 2274 823 2300 b.
840 2275 886 2300 civ.
904 2275 927 2306 3,
945 2276 986 2301 43.
1011 2275 1119 2300 Patron.
1135 2274 1197 2300 Arb.
1215 2282 1237 2300 c.
1253 2275 1285 2301 65
1309 2283 1335 2308 p.
1352 2275 1409 2301 2⁸25.
1435 2274 1533 2300 simul
1549 2282 1586 2300 ne
1611 2274 1717 2301 Sallust.
1732 2274 1791 2307 Ing.

125 2315 149 2346 4,
166 2315 190 2341 2.
206 2314 262 2341 Liv.
278 2314 324 2341 Π.
341 2315 365 2346 2,
384 2315 408 2341 5.
425 2316 524 2342 etiam
541 2323 623 2350 quae
640 2314 748 2346 Quintil.
765 2313 810 2340 1x.
828 2315 852 2345 2,
871 2315 894 2340 2.
921 2315 1019 2340 etiam
1035 2322 1073 2340 ne
1090 2314 1145 2340 Liv.
1163 2314 1257 2340 XXIV.
1275 2316 1297 2345 1,
1315 2316 1338 2341 2.
1357 2316 1390 2341 et
1407 2322 1474 2341 cnm
1498 2314 1604 2346 Quintil.
1621 2314 1694 2341 VIII.
1711 2315 1734 2346 6,
1751 2315 1791 2340 21.

125 2356 158 2383 cs.
176 2356 245 2383 infra
261 2356 323 2383 Not.
341 2357 381 2384 13.
