1984 2597
974 137 1036 174 50

316 232 405 265 Addo
422 232 497 264 haec
515 232 556 263 ad
575 232 707 273 primum
727 243 828 273 genus,
849 232 930 274 quod
948 231 1185 270 commemoravi,
1204 230 1395 272 pertinentia,
1436 229 1468 262 Si
1498 229 1539 261 ad
1570 239 1679 262 nomen
1708 229 1831 271 aliquod

170 281 319 312 sententia
338 281 467 312 relativa
486 280 615 317 accedit,
647 284 702 312 ant
720 280 834 312 directe
853 280 1047 321 explicandae
1067 281 1132 311 eius
1151 280 1266 312 notioni
1285 282 1341 311 aut
1360 282 1442 311 vero'
1462 279 1554 311 etiam
1573 278 1754 311 coemendae
1784 279 1832 310 in-

169 329 281 360 servire
300 331 409 369 potest.
451 328 585 366 Quorum
604 328 734 359 alterum
754 328 829 359 illud
848 338 947 368 genus,
968 338 1028 368 quo
1044 327 1166 368 quidem
1185 327 1315 358 nominis
1327 327 1481 358 notionem
1500 329 1597 358 totam
1610 325 1831 366 quodammodo

170 377 340 409 enunciatio
361 377 538 409 secundaria
558 376 809 416 comprehendat,
840 377 960 416 vulgare
986 379 1032 408 est
1059 386 1115 407 nec
1134 376 1299 416 quidquam
1332 376 1392 407 huc
1421 376 1560 416 pertinet.
1601 374 1738 407 Alterum
1768 375 1830 408 tale

170 428 224 463 est,
245 428 281 456 ut
300 425 382 465 quod
402 435 510 457 nomen
530 424 710 465 generaliter
730 425 761 456 in
782 425 926 465 primaria
945 425 1094 455 sententiae
1111 424 1243 464 positum
1264 433 1329 455 esse
1348 423 1499 462 videatur,
1519 425 1584 456 eius
1602 425 1634 455 in
1654 423 1831 455 secundm-la

170 477 254 505 certa
284 474 433 514 quaedam
463 474 576 514 species
596 473 761 514 spectanda
781 474 829 506 sit.
872 475 970 513 Atque
997 473 1055 504 hoc
1073 473 1194 512 quidem
1214 482 1314 512 genus,
1345 482 1407 511 quo
1426 473 1555 504 nominis
1574 473 1726 504 notionem
1746 482 1829 504 coer-

170 523 232 553 ceri
251 525 378 562 apparet
397 521 604 553 additamento
624 522 763 560 relativo,
793 532 830 552 ex
850 522 949 553 media
969 524 1015 551 est
1040 530 1077 551 ea
1097 521 1236 558 materia,
1268 530 1360 560 quam
1386 523 1560 553 tractamus.
1602 520 1718 552 Sufficit
1736 531 1829 552 unum

169 570 338 611 exemplum
358 570 494 602 attulisse
515 570 555 601 ad
575 573 736 610 utrumque
755 579 847 609 genus
867 569 1087 602 illustrandum.
1128 568 1160 600 Si
1179 569 1306 601 dicitur:
1337 580 1441 608 aaut,
1467 580 1544 609 qaae
1564 570 1683 600 hinnali
1703 574 1831 610 tmpore

168 620 331 650 subd-ctu
357 624 459 656 erant,
490 630 555 650 vere
580 620 723 650 reae-nu
749 620 954 650 deducamus-‚⁶
985 618 1010 649 si
1031 628 1133 649 omnes
1153 628 1244 650 naves
1271 617 1362 649 fuisse
1381 617 1546 650 subductas
1565 618 1692 659 intelligi
1711 628 1831 650 necesse

170 671 224 706 est,
245 678 282 699 ex
302 668 399 699 altero
418 668 471 699 illo
491 678 611 708 genere,
639 668 665 699 si
684 672 802 709 partem
823 678 926 699 earum
953 670 1002 705 (ut
1028 678 1134 706 nam,
1166 678 1243 707 quae
1262 667 1342 698 idem
1370 666 1490 698 valeant
1514 667 1596 707 quod
1622 678 1725 705 mm,
1756 678 1832 708 quae

168 718 287 757 quidem
308 717 369 748 sive
389 728 485 754 naves,
511 728 571 747 non
591 728 688 748 omnes
707 728 760 747 eae
780 718 897 757 quidem
917 718 971 746 sed
999 717 1087 746 modo
1114 727 1190 756 qaae
1210 721 1260 752 —)
1291 726 1328 747 ex
1358 716 1415 747 hoc
1445 716 1542 747 altero
1573 716 1742 756 exemplum
1772 718 1827 748 est.

169 765 206 796 In
227 775 287 805 quo
307 768 410 796 tamen
432 776 539 805 genere
560 766 664 805 negari
685 775 744 796 non
765 769 871 805 potest,
892 767 936 796 ita
956 765 1048 795 etiam
1068 764 1160 795 verba
1179 764 1231 795 illa
1253 764 1348 804 accipi
1366 764 1454 795 licere
1475 767 1510 796 ut
1529 775 1631 801 aaut,
1653 775 1729 805 quae
1748 764 1829 796 idem

169 814 291 845 valeant
311 814 392 854 quod
412 825 464 845 eae
483 825 581 853 naves,
602 825 680 855 quae
698 824 792 854 eoque
812 814 872 845 iam
893 814 924 844 in
944 813 1092 845 sententia
1113 813 1256 853 primaria
1276 823 1346 852 pars
1366 812 1419 844 illa
1439 813 1572 850 navium,
1592 813 1690 844 minus
1709 812 1831 853 quidem

170 863 268 903 plane,
289 862 444 902 designata
464 863 601 894 videatur
621 873 676 894 nec
697 862 837 894 descendi
857 862 977 893 demum
997 862 1037 893 ad
1057 862 1186 902 speciem
1207 872 1226 893 a
1246 872 1355 901 genere
1375 864 1523 902 oporteat.
1563 861 1719 892 Mittamus
1738 861 1829 901 igitur

172 911 318 942 eiusmodi
348 911 443 949 locos,
475 922 551 951 quos
582 911 612 941 in
643 921 730 942 usum
760 914 896 942 nostrum
928 911 1119 942 convertendi
1150 911 1196 941 ius
1227 911 1313 942 nobis
1342 910 1429 942 facile
1455 910 1595 950 denegari
1621 910 1715 950 possit
1735 910 1831 950 iisque

171 960 404 1000 acquiescamus,
425 960 477 1000 qui
497 960 610 991 nullam
632 960 751 991 omnino
773 959 905 990 habeant
924 958 1159 998 ambiguitatem.
1201 959 1330 1000 Intelligi
1357 963 1458 991 autem
1478 959 1544 990 volo
1564 970 1656 990 unum
1677 959 1828 999 quoddam

172 1009 378 1049 exemplorum
395 1019 502 1049 genus,
524 1009 605 1048 quod
625 1009 756 1040 breviter
776 1007 896 1048 quidem
917 1008 1136 1047 perstringendi
1155 1009 1215 1039 iam
1236 1019 1327 1048 supra
1348 1009 1386 1049 (ξ.
1398 1009 1450 1048 52)
1471 1009 1587 1040 occasio
1608 1008 1673 1040 fuit.
1715 1007 1834 1040 Scilicet

171 1058 363 1088 inveniuntur
382 1057 440 1088 loci
462 1057 591 1095 Liviani,
618 1057 670 1088 ubi
691 1057 731 1088 ad
752 1057 916 1087 sententiae
937 1057 1097 1096 primariae
1117 1067 1225 1088 nomen
1246 1057 1367 1097 aliquod
1387 1057 1503 1098 plurale
1532 1060 1586 1088 aut
1611 1058 1676 1098 qui
1702 1067 1832 1089 eorum

172 1109 226 1137 aut
246 1106 350 1137 similis
370 1106 501 1137 formula
520 1106 564 1136 ita
585 1106 624 1136 sit
644 1106 748 1142 relata,
769 1109 804 1136 ut
825 1106 887 1136 eius
909 1115 965 1145 ope
986 1115 1005 1136 a
1023 1115 1058 1136 re
1077 1105 1138 1136 illic
1163 1107 1342 1146 generaliter
1369 1106 1537 1147 significata
1563 1107 1603 1138 ad
1630 1106 1762 1138 eiusdem
1789 1107 1833 1137 rei

172 1158 290 1195 partem
311 1154 432 1185 transiri
453 1164 548 1193 eoque
569 1155 697 1185 nominis
717 1154 795 1184 illius
817 1154 976 1192 notionem,
1004 1153 1061 1185 hoo
1081 1158 1133 1192 est,
1159 1155 1337 1186 sententiam
1357 1156 1531 1195 primariam
1553 1155 1733 1186 secundaria
1750 1165 1833 1186 coer·

172 1204 234 1236 ceri
255 1203 378 1235 eluceat.
421 1203 478 1240 Qui
499 1213 570 1234 usus
591 1206 626 1234 ut
646 1213 733 1234 rarus
754 1206 806 1241 est,
827 1203 871 1234 ita
891 1202 930 1234 ad
951 1212 1015 1233 rem
1035 1205 1169 1234 nostram
1188 1204 1341 1244 pertinens
1361 1204 1548 1245 maximeque
1568 1204 1776 1236 memorabilis.

320 1253 457 1283 Relativa
476 1253 626 1283 sententia
646 1253 671 1283 si
693 1252 797 1283 eadem
817 1255 863 1282 est
883 1255 914 1282 et
934 1262 1073 1283 coercens
1093 1248 1267 1292 primariam
1289 1256 1320 1283 et
1340 1253 1484 1292 negativa,
1513 1263 1602 1293 saepe
1622 1253 1696 1284 haec
1717 1252 1831 1294 periodi

172 1302 375 1333 membrorum
395 1302 472 1332 ratio
494 1311 557 1332 esse
579 1300 655 1332 solet
676 1303 710 1332 ut
730 1310 835 1331 nemo
862 1318 903 1323 -
930 1301 993 1341 qui
1021 1312 1093 1332 non
1113 1302 1211 1333 idem
1231 1302 1277 1333 vel
1298 1301 1396 1333 nihil
1426 1320 1469 1325 —
1498 1302 1598 1342 quod
1629 1311 1702 1333 non
1731 1301 1831 1333 idem

172 1351 316 1382 similiave
335 1351 414 1382 inter
435 1361 467 1381 se
487 1350 696 1390 respondeant.
739 1349 774 1380 In
801 1360 860 1389 quo
887 1350 947 1380 vim
978 1354 1163 1382 coercentem
1194 1351 1315 1391 quidem
1346 1361 1410 1383 esse
1440 1351 1606 1382 sententiae
1637 1350 1830 1382 secundariae

172 1401 222 1430 vix
242 1403 342 1439 potest
361 1401 392 1430 in
413 1399 537 1430 dubium
557 1399 665 1431 vocari.
685 1399 763 1429 Nam
784 1409 808 1431 e.
830 1409 856 1438 g.
877 1400 970 1429 Nemo
991 1402 1083 1430 iustus
1105 1404 1159 1438 eet,
1181 1402 1232 1440 qai
1247 1411 1305 1430 non
1326 1401 1405 1430 idem
1426 1401 1465 1430 sit
1477 1401 1610 1439 prudens
1630 1400 1672 1431 sic
1693 1400 1834 1431 videntur

173 1448 414 1487 interpretanda:
436 1449 529 1478 Nemo
549 1449 642 1478 iustus
663 1451 714 1481 est,
734 1450 778 1477 ita
800 1451 896 1478 tamen
918 1448 1013 1489 (nemo
1033 1450 1126 1479 iustus
1147 1452 1212 1486 est),
1233 1453 1267 1479 ut
1287 1459 1346 1478 non
1367 1449 1445 1478 idem
1468 1450 1507 1479 sit
1523 1449 1665 1487 prudens.

421 1530 446 1562 a)
463 1529 517 1562 qui
533 1536 565 1555 z
582 1527 790 1560 quiquidem.

420 1569 491 1601 Quae
508 1569 670 1595 continentur
685 1569 809 1601 primaria
825 1569 961 1599 sententia,
979 1569 1012 1594 ad
1030 1570 1091 1600 eius.
1109 1570 1152 1603 qui
1169 1570 1266 1601 scribit,
1283 1570 1417 1597 scientim
1434 1570 1508 1598 nnius
1525 1578 1601 1603 saepe
1617 1571 1730 1596 revocari
1746 1570 1829 1596 solent

320 1612 405 1637 verbis
422 1611 506 1644 quod
523 1611 633 1640 sciam,
655 1609 731 1635 modo
748 1609 876 1646 adiunctis
893 1610 938 1640 illi,
956 1612 986 1636 nt
1002 1610 1054 1636 Cic.
1071 1610 1104 1636 ad
1121 1611 1201 1637 Attic.
1218 1610 1287 1637 XVI.
1304 1612 1326 1643 2,
1342 1612 1372 1638 4:
1396 1609 1505 1637 Sestiana
1525 1611 1570 1639 Vl.
1590 1611 1656 1637 Idus
1678 1617 1826 1646 exspecta-

320 1652 408 1680 batur.
433 1651 483 1677 sed
499 1658 554 1676 non
575 1656 696 1680 venerat,
723 1649 810 1682 quaed
832 1651 956 1679 sciam,-
976 1651 1052 1677 modo
1068 1651 1237 1685 interpositis,
1254 1654 1285 1678 ut
1300 1652 1408 1684 Quintil.
1424 1652 1470 1678 lx.
1487 1653 1510 1683 4,
1528 1653 1572 1679 63:
1597 1660 1682 1685 quae
1697 1652 1737 1677 ab
1753 1660 1832 1682 uno,

323 1691 394 1725 quand
410 1693 509 1722 eciam,
527 1690 615 1717 Bruto
632 1693 723 1717 adnue
735 1691 881 1726 probatur,
901 1693 999 1717 ceteris
1012 1692 1109 1725 placet.
1142 1691 1215 1718 Fore.
1241 1700 1299 1719 cum
1324 1693 1389 1719 alios
1416 1693 1485 1719 locos
1508 1693 1585 1719 affert
1609 1695 1666 1719 tum
1682 1691 1834 1724 Quinfflimi

320 1733 427 1759 declam.
444 1733 467 1763 9,
477 1732 517 1763 18,
533 1731 578 1758 ubi
594 1731 684 1758 eodem
700 1731 756 1757 fere
772 1739 849 1757 sensu
866 1731 947 1765 quod
964 1732 1031 1758 scio
1048 1733 1184 1760 invenitur.
1218 1734 1314 1760 Eadem
1329 1735 1368 1761 vis
1386 1742 1502 1760 coercens
1518 1735 1587 1761 inest
1602 1734 1629 1760 in
1645 1733 1730 1760 verbis
1747 1733 1831 1767 quod

320 1775 446 1800 attinet
466 1773 517 1799 Cic.
544 1773 578 1799 ad
593 1773 674 1799 Attio.
691 1772 721 1798 V.
740 1774 778 1804 17,
801 1774 830 1799 2:
870 1772 929 1798 Nos
951 1775 993 1799 sic
1014 1775 1045 1799 in
1063 1776 1213 1808 provincia
1236 1783 1289 1801 noc
1310 1777 1445 1810 gerimus,
1471 1775 1545 1808 quoa
1569 1775 1607 1801 ad
1630 1774 1832 1801 abetis-ennam

322 1816 434 1844 attinet,
450 1819 480 1840 ut
495 1814 590 1840 nullus
599 1815 742 1840 ter-undae
750 1815 912 1840 insumatur
927 1815 959 1839 iu
967 1821 1135 1847 que-quan.
1168 1815 1328 1849 Quamquam
1343 1817 1424 1842 multo
1441 1817 1542 1850 saepius
1558 1815 1621 1842 haec
1637 1816 1664 1842 in
1679 1816 1835 1842 transitione

321 1854 438 1882 adhiberi
453 1854 538 1880 solent
554 1854 618 1887 (Liv.
627 1853 724 1880 xxm.
740 1855 779 1886 25,
797 1855 812 1880 3
828 1854 879 1887 aL),
896 1855 940 1888 qui
955 1862 1017 1880 usus
1034 1854 1066 1880 ab
1083 1854 1131 1881 hoc
1147 1855 1203 1882 loco
1221 1856 1351 1883 abhorret.
1383 1857 1461 1883 Mitto
1478 1857 1531 1884 slis
1546 1857 1660 1891 exempla
1675 1857 1714 1882 rei
1729 1855 1835 1882 notissi-

320 1905 388 1924 mae:
414 1896 463 1922 hoc
479 1896 544 1927 dico,
568 1896 623 1929 legi
639 1896 707 1930 apud
724 1895 870 1922 Ciceronem
888 1896 959 1922 Verr.
975 1895 1021 1922 IV.
1038 1897 1081 1928 11,
1107 1898 1151 1923 25:
1186 1897 1274 1931 qaod
1299 1899 1337 1925 {n
1360 1898 1459 1925 vobin
1481 1898 1572 1932 fau,
1597 1907 1622 1931 p.
1639 1897 1770 1929 (10111013,
1788 1897 1834 1924 34:

320 1937 408 1971 quod
425 1939 460 1962 in
478 1940 512 1962 te
528 1937 596 1962 ese?
611 1937 755 1969 similiaque
770 1937 834 1962 alibi
850 1937 902 1962 alia
917 1937 1007 1962 eodem
1023 1945 1105 1969 sensu,
1123 1946 1173 1970 quo
1190 1940 1342 1971 quantum
1360 1939 1486 1972 quidem
1505 1953 1533 1959 ·-
1554 1939 1605 1965 dici
1622 1939 1696 1965 solet.
1735 1942 1737 1945 ’

172 2063 223 2094 qut
238 2062 366 2092 faciant.-
382 2066 442 2091 quo
449 2067 519 2084 rum
536 2062 662 2085 neutrum
679 2059 745 2092 fieri
761 2060 848 2085 salvis
864 2062 1027 2086 ceremonia
1043 2063 1136 2094 porcae
1151 2061 1193 2094 (cf.
1202 2061 1261 2088 Etsi
1277 2061 1326 2087 hoc
1344 2061 1510 2094 aliqnisiieri
1525 2069 1602 2095 posse
1619 2063 1728 2092 censeat,
1745 2062 1831 2088 tamen

170 2101 198 2127 id
215 2100 273 2126 fleri
288 2107 340 2125 non
355 2099 461 2132 potest).
478 2113 508 2117 —
542 2099 595 2124 Alii
615 2099 666 2125 loci
687 2100 726 2125 ita
747 2101 808 2125 sunt
829 2100 965 2126 constituti
987 2102 1017 2126 ut
1039 2108 1055 2126 a
1071 2102 1200 2127 sententia
1221 2101 1374 2127 secundaria
1393 2102 1536 2135 repetenda
1557 2102 1593 2127 sit
1609 2102 1746 2128 concessio.
1779 2101 1832 2128 Cic.

170 2141 303 2168 Tuam.
312 2141 352 2171 16,
362 2140 406 2166 35:
425 2139 461 2165 Et
478 2142 510 2164 tu
525 2139 652 2166 oblimet
668 2139 746 2166 tubes
762 2140 915 2174 (malorum),
933 2141 1009 2174 quod
1024 2144 1123 2167 contra
1134 2145 1267 2168 natm-an
1284 2147 1335 2172 eet,
1352 2145 1410 2175 qut
1426 2151 1443 2168 a
1460 2148 1563 2169 natura
1574 2143 1669 2169 datum
1686 2143 1825 2170 aua-iliu

171 2186 338 2214 emm-queas
355 2182 506 2206 inveterati
520 2180 647 2206 aalma?
662 2180 708 2212 (cf.
726 2181 783 2206 Etsi
800 2195 830 2200 —
848 2183 992 2214 extorques,
1008 2182 1234 2215 tamen—iubes).
1251 2182 1338 2209 Divin.
1355 2183 1381 2209 in
1399 2182 1524 2215 0aeeil.⁴‚
1534 2184 1580 2210 13:
1597 2183 1671 2216 qnod
1686 2185 1754 2219 ipse,
1772 2192 1810 2210 cu
1820 2186 1834 2210 ί

172 2224 300 2249 minae
315 2220 386 2247 haec
400 2228 446 2246 res
461 2220 557 2250 obstat,
573 2228 676 2255 negare
691 2228 748 2246 non
763 2221 847 2246 audet
864 2221 907 2253 (cs.
923 2221 982 2247 Etsi
999 2222 1023 2247 ei
1038 2223 1146 2248 maxime
1163 2223 1213 2255 —).

318 2261 372 2288 Cic.
390 2260 465 2287 Tunc.
481 2260 529 2287 111.
545 2261 585 2293 21,
603 2261 647 2288 50:
666 2260 743 2293 Qua
758 2261 854 2288 enim?
877 2262 911 2288 de
927 2261 998 2289 bello
1015 2261 1124 2300 Punico
1140 2264 1253 2299 aqum-5
1275 2264 1315 2290 de
1332 2272 1394 2298 quo
1410 2266 1489 2300 ipso
1511 2279 1540 2285 —
1565 2265 1645 2292 nulla
1661 2265 1832 2292 concert-tto

170 2311 291 2336 unqu-⁸
308 2302 368 2336 fnit
387 2302 434 2334 (cs.
452 2303 479 2328 et
494 2303 581 2328 tamen
596 2310 629 2328 ne
646 2302 677 2328 de
694 2310 724 2328 eo
742 2302 865 2335 quidem).
899 2303 952 2329 ibd.
968 2302 998 2328 V.
1016 2303 1040 2334 7,
1058 2304 1099 2330 20.

319 2342 359 2369 Cf.
377 2342 410 2369 de
425 2342 474 2368 hoc
492 2343 596 2369 relativi
611 2351 659 2369 usn
677 2351 742 2377 quae
762 2351 839 2377 snpra
854 2344 878 2375 9.
895 2344 928 2369 43
944 2345 998 2369 not.
1015 2344 1031 2370 8
1048 2343 1243 2377 disputavimus.
