1984 2597
397 200 459 227 Loci
475 201 543 226 ratio
561 200 672 227 habeta
686 201 818 235 Lamprid.
834 201 908 227 Alex.
924 200 1012 227 Sever-
1023 200 1070 226 45:
1092 198 1266 226 raab-ntur
1281 201 1387 225 secreta
1397 198 1542 227 bellorum.
1559 200 1700 224 stt-erum
1715 201 1813 225 aute·

300 240 362 267 dle·
379 240 494 275 pullum
513 241 743 275 proponebantur·
769 256 802 260 —
828 242 929 268 detrude
949 249 1003 275 per
1023 240 1153 266 oratum
1174 241 1343 269 maanes,
1365 239 1466 265 deinde
1487 240 1620 268 καίτοι,
1642 238 1744 265 deinde
1764 238 1813 264 αδ(

301 288 414 307 anona
429 283 503 307 mec
518 281 680 315 ωαρίσπᾶι
696 285 725 308 ec
740 282 772 308 id
789 281 904 316 quiden
920 289 959 307 eo
975 288 1085 315 nuque
1100 279 1268 314 quamdiu
1284 279 1322 305 ad
1338 278 1410 312 finer
1425 278 1585 305 bar-§artem
1601 279 1752 305 venir-em.

446 321 479 348 cf.
497 330 536 348 eo
551 330 662 357 unque
678 338 710 343 -—
726 323 896 358 quamdin
912 323 988 350 oros.
1004 323 1028 353 6,
1045 323 1061 348 1
1078 321 1124 359 ubi
1138 321 1261 354 temporis
1277 321 1402 346 rationem
1419 319 1509 346 habes.

300 377 329 410 4.
350 377 386 408 In
407 377 529 410 Catonis
549 383 708 421 praecepto
729 380 861 421 quodam
879 379 1041 412 adhibetur
1060 389 1185 419 usque
1205 377 1406 409 admodum
1427 377 1512 408 dum
1531 375 1676 416 temporis
1695 374 1812 406 ratione
1830 378 1870 405 12.

154 426 604 516 abizadrdgssoeoqltliepupizegali,
618 433 653 460 ιιι
666 430 745 461 idem
759 430 857 461 valeat
871 429 953 469 quod
972 439 1092 468 usque
1111 428 1209 465 dum,
1229 426 1326 466 quod
1348 435 1527 458 summum
1546 423 1625 456 erit
1639 422 1813 460 (hochstens

397 542 461 569 Cato
478 543 639 570 R.R.156:
686 543 790 569 Postea
809 543 858 569 ubi
874 544 995 577 ocdptet
1016 542 1135 575 fer-vere,
1153 540 1305 574 paulisper
1327 540 1471 565 deminuo
1493 546 1603 572 usque
1625 536 1812 564 admodum

300 584 379 611 dum
395 586 544 619 quinquin
560 587 682 620 quinque
698 593 836 612 nuncet-es.
868 584 921 611 Ubi
937 582 1064 618 quomodo
1081 580 1247 607 admodum
1264 580 1299 606 sit
1313 579 1519 613 intelligendum,
1536 578 1626 604 videre
1639 578 1702 604 licet
1718 585 1749 603 ex
1765 576 1811 602 ad

299 624 387 651 verbio
403 626 585 659 paulisper
603 626 671 659 quod
689 625 828 652 antecedit.
861 624 983 652 Ceterum
997 624 1050 651 alin
1066 624 1107 650 est
1123 622 1202 649 etiam
1218 621 1307 648 lectio:
1326 621 1493 648 admodum
1509 620 1593 651 dum,
1611 620 1708 646 reiecta
1722 621 1811 644 tamen

300 665 333 690 ab
351 665 500 691 editoribus.

462 757 492 782 b.
515 757 584 783 sola
602 765 668 790 usq
676 764 716 784 ue
734 756 889 791 particula
905 763 977 783 eum
993 753 1212 783 coniunctio-e
1230 752 1409 780 societatem
1427 752 1498 779 coit.

301 819 471 861 Usurpatur
500 820 620 861 quidem
651 823 682 851 et
700 830 720 851 a
740 820 881 852 Cicerone
903 822 935 851 et
953 829 974 851 a
993 819 1077 850 Livio
1097 817 1234 856 formula,
1264 826 1342 857 quae
1362 820 1408 847 est
1427 826 1544 856 usque
1568 815 1667 852 dum,
1693 814 1747 845 sed
1765 815 1810 844 ita

157 872 192 902 ut
211 868 273 902 fere
294 868 405 910 ubique
424 868 567 901 vertenda
586 869 639 901 sit.
671 879 705 901 so
725 869 812 910 lange
832 868 886 902 als.
928 868 1015 907 Quod
1035 870 1142 901 contra
1168 866 1294 900 eandem
1314 866 1391 898 hanc
1411 865 1569 898 formulam
1590 867 1621 897 et
1640 862 1681 896 ad
1701 862 1811 902 locum,

155 928 215 958 quo
235 915 444 958 progrediatur
473 919 553 948 actio
572 918 724 957 primm-ia,
755 922 786 948 et
804 928 875 948 vero
895 918 936 948 ad
956 921 1084 957 tempus,
1110 927 1170 956 quo
1190 917 1378 953 extendatur,
1409 915 1625 954 designandum
1644 915 1676 944 in
1696 913 1811 944 deliciis

153 965 267 998 habent
286 965 446 1006 scriptores
466 964 652 998 recentiores.
693 964 807 996 Deinde
828 975 899 1006 usq
909 975 953 997 ue
972 964 1093 996 donec
1113 964 1303 996 Comicorum
1323 966 1370 994 est
1390 966 1421 994 et
1440 962 1570 1000 Catonis,
1595 970 1717 1001 usque
1737 970 1810 1000 quo

155 1025 224 1046 cum
244 1015 371 1046 aliorum
396 1015 552 1046 deterioris
572 1017 661 1046 notae
681 1015 861 1055 scriptorum
888 1014 919 1045 in
949 1014 1045 1055 iisque
1064 1013 1245 1046 rusticorum
1264 1017 1330 1045 tum
1351 1012 1439 1044 Plinii
1459 1012 1588 1044 maioris.
1639 1011 1719 1043 Num
1739 1020 1810 1043 vero

155 1063 246 1095 etiam
266 1072 383 1102 usque
414 1072 489 1102 quo¹
518 1072 574 1102 pro
595 1063 740 1093 eiusmodi
766 1062 896 1093 formula
913 1062 1019 1093 haberi
1038 1063 1162 1102 possint,
1193 1063 1335 1102 quoniam
1356 1061 1499 1092 deficiunt
1518 1072 1566 1092 me
1586 1061 1652 1098 loci,
1683 1070 1811 1099 quorum

153 1111 208 1144 illa
227 1110 347 1153 quidem
366 1109 455 1143 lectio
476 1113 599 1150 constet,
620 1111 650 1142 in
669 1110 759 1142 dubio
776 1109 978 1151 relinquimus.
1018 1109 1096 1141 Tum
1108 1109 1225 1142 inverso
1237 1111 1371 1152 partium
1385 1110 1491 1142 ordine
1510 1120 1584 1150 quo
1603 1119 1721 1150 usque
1741 1119 1810 1140 cum

124 1195 130 1201 ,
155 1162 216 1192 sint
235 1160 317 1200 apud
337 1160 482 1200 optimum
503 1171 650 1201 quemque
672 1162 847 1201 scriptorem
866 1161 1087 1201 interrogantis,
1107 1160 1251 1193 relativae
1271 1160 1363 1192 etiam
1383 1159 1530 1192 formulae
1550 1159 1646 1192 instar
1665 1159 1702 1191 iis
1722 1169 1810 1192 usum

152 1219 218 1241 esse
238 1207 416 1249 Eutropium
447 1208 540 1240 video.
592 1209 720 1246 Quoad
751 1219 873 1249 usque
903 1210 984 1250 apud
1003 1210 1120 1241 Livium
1140 1209 1191 1243 VI.
1212 1210 1261 1247 38,
1282 1209 1321 1240 13
1342 1203 1460 1240 etiamsi
1481 1208 1569 1239 lectio
1590 1211 1730 1248 suspecta
1749 1218 1810 1238 non

153 1261 239 1298 esset,
259 1261 358 1290 tamen
380 1258 420 1290 ab
440 1269 496 1291 usu
516 1269 560 1298 eo,
581 1269 669 1300 quem
690 1259 879 1300 exquirimus,
899 1259 1084 1293 abhorreret.
1124 1259 1187 1291 Nec
1207 1258 1245 1291 de
1258 1257 1394 1300 pauculis
1406 1257 1486 1290 illius
1498 1256 1646 1290 formulae
1659 1256 1810 1299 exemplis,

154 1317 231 1348 quae
251 1308 332 1347 apud
353 1307 515 1338 deteriores
535 1309 694 1347 scriptores
709 1309 898 1340 inveniuntur
917 1310 976 1340 huc
995 1309 1185 1349 pertinentia,
1212 1309 1286 1340 satis
1308 1308 1498 1348 exploratum
1518 1308 1644 1340 videtur.
1686 1307 1809 1347 Vulgari

152 1355 367 1397 particularum
388 1354 491 1386 ordine
511 1365 589 1396 quae
603 1355 731 1387 formula
743 1356 858 1388 exsistit
878 1366 995 1397 usque
1015 1357 1154 1397 quoad,
1174 1357 1323 1388 invenitur
1337 1356 1390 1387 illa
1406 1357 1527 1396 quidem
1539 1357 1621 1397 apud
1642 1357 1808 1387 Varronem

152 1405 188 1436 R.
208 1405 244 1436 R.
264 1404 302 1436 Π.
324 1407 352 1442 7,
375 1405 412 1436 12
442 1404 495 1435 sed
525 1404 621 1435 alieno
652 1414 672 1435 a
703 1415 736 1435 re
766 1409 870 1438 nostra
889 1417 977 1438 sensu
998 1417 1042 1445 eo,
1073 1416 1164 1446 quem
1184 1416 1276 1446 supra
1295 1406 1387 1446 patrii
1407 1405 1553 1437 sermonis
1572 1404 1684 1436 auxilio
1705 1404 1808 1436 extuli.

152 1453 323 1484 Disiunctas
343 1455 445 1483 tamen
465 1453 628 1492 particulas
647 1454 679 1483 in
700 1453 850 1485 Ciceronis
870 1455 965 1485 Bruto
987 1456 1034 1492 22,
1055 1454 1095 1487 87
1112 1454 1205 1485 habes
1225 1455 1371 1494 temporis
1392 1455 1547 1490 rationem,
1568 1464 1646 1493 quae
1666 1454 1726 1485 huc
1740 1465 1808 1494 per-

151 1501 255 1541 tineat,
275 1500 482 1542 significantes.
523 1501 628 1534 Restat
646 1506 682 1535 ut
701 1502 819 1543 addam,
840 1501 921 1544 quod
940 1502 1076 1534 mirabile
1096 1501 1190 1534 videri
1211 1502 1308 1541 debet,
1328 1501 1410 1543 apud
1431 1501 1552 1533 Daretis
1571 1501 1693 1543 Phrygii
1714 1502 1808 1533 inter-

153 1555 278 1593 pretem,
300 1551 461 1583 dummodo
482 1555 565 1583 certa
580 1552 619 1583 sit
638 1552 734 1590 lectio,
754 1563 775 1583 u
784 1564 799 1585 s
808 1562 880 1592 que
900 1550 1079 1592 particulam
1092 1552 1204 1583 nudam
1219 1562 1306 1584 sensu
1320 1552 1408 1592 plane
1421 1551 1526 1583 eodem
1539 1551 1597 1592 legi
1612 1562 1672 1592 quo
1693 1562 1759 1592 usq
1767 1562 1810 1584 ue

152 1601 237 1633 dum
257 1601 439 1642 reliquaque,
461 1611 538 1641 quae
557 1601 719 1635 attulimus.

395 1673 513 1700 Handins
536 1674 572 1700 Π.
588 1675 636 1700 316
661 1681 758 1707 usque
776 1673 846 1699 dum
862 1673 988 1700 formulae
1003 1682 1082 1700 unum
1098 1674 1177 1700 affert
1198 1675 1340 1707 exemplum
1362 1673 1416 1700 cie.
1432 1673 1505 1700 Verr.
1521 1673 1558 1700 11.
1574 1673 1595 1699 1.
1612 1675 1636 1705 5,
1654 1675 1685 1700 12
1701 1674 1777 1708 idque
1793 1682 1809 1700 a

297 1722 326 1740 re
343 1714 416 1741 nobis
432 1715 564 1748 proposita
585 1715 703 1740 alienum.
737 1714 849 1747 Aequale
872 1715 939 1741 enim
960 1715 998 1741 ibi
1020 1715 1149 1741 actionum
1165 1715 1305 1748 primariae
1321 1716 1348 1741 et
1364 1714 1531 1740 secundariae
1548 1715 1672 1748 temporis
1689 1716 1810 1748 spatium,

298 1763 343 1788 per
364 1755 432 1788 quod
448 1755 604 1785 duraverint,
621 1756 781 1788 designatur.
813 1755 851 1781 Ex
876 1763 925 1788 quo
944 1763 1040 1788 genere
1055 1756 1185 1788 permulta
1200 1755 1276 1782 facile
1293 1756 1345 1782 alia
1361 1756 1455 1782 afferre
1470 1756 1556 1788 liceat,
1573 1758 1603 1783 ut
1618 1756 1674 1783 Liv.
1690 1757 1812 1784 xxm

290 1795 338 1826 48,
355 1796 395 1821 17.
412 1794 477 1820 Cato
495 1795 525 1820 R.
542 1795 572 1820 R.
590 1795 629 1820 30.
645 1795 724 1820 Solin.
742 1797 764 1826 1,
782 1796 829 1821 119
846 1796 962 1822 Momms.
985 1797 1060 1829 Apul.
1083 1797 1116 1822 de
1131 1796 1221 1829 Magi-
1244 1805 1270 1829 p.
1286 1798 1332 1822 321
1352 1797 1439 1822 Alteb.
1472 1796 1543 1827 Quae
1561 1798 1680 1829 quoniam
1696 1798 1723 1822 in
1741 1798 1810 1823 ordi-

297 1843 355 1862 nem
371 1836 541 1866 incurrerunt,
558 1835 603 1861 illa
621 1836 698 1861 etiam
716 1836 865 1862 adiiciamus
887 1837 951 1863 duo:
971 1836 1076 1863 Terent.
1093 1835 1186 1864 Heaut.
1204 1837 1225 1862 Ι.
1243 1838 1266 1867 1,
1283 1838 1330 1863 84:
1346 1845 1414 1862 nam
1431 1845 1542 1870 unque
1557 1836 1637 1862 dum
1652 1836 1703 1863 ille
1718 1838 1810 1863 vitun

300 1877 383 1903 illam
399 1877 470 1902 colet
486 1878 605 1910 Inopem,
623 1878 763 1902 interea
780 1885 885 1911 usque
902 1877 950 1903 tut
965 1878 1000 1903 de
1016 1886 1061 1903 me
1078 1878 1256 1912 supplic-tum
1272 1878 1360 1908 dobm-
1375 1878 1421 1904 ubi
1432 1878 1539 1904 eandem
1550 1879 1673 1912 temporis
1684 1880 1811 1906 rationem

296 1916 428 1942 verbosius
445 1917 539 1941 elatam
556 1916 634 1946 w'des,
653 1919 680 1942 et
695 1917 782 1943 Plaut.
799 1917 957 1943 Menaechm.
975 1918 1006 1944 V.
1023 1919 1100 1949 1,27;
1119 1926 1182 1944 meu
1198 1919 1312 1952 quasdem
1328 1919 1420 1944 Iter-cle
1437 1927 1524 1945 causa
1541 1919 1627 1944 staua
1644 1921 1731 1945 vivito
1755 1921 1811 1946 vel

300 1965 405 1991 usque
428 1957 506 1983 dum
522 1965 639 1992 reynum
660 1957 792 1984 obtinebit
816 1957 944 1993 Iupiter-,-
973 1958 1018 1984 ubi
1040 1959 1180 1985 exsecratio
1204 1959 1329 1992 quaedam
1357 1960 1397 1984 est
1414 1959 1512 1984 addita.
1544 1959 1595 1985 Sed
1611 1967 1643 1985 ne
1660 1959 1811 1993 diligentius

299 1998 397 2024 versari
413 1998 545 2024 videamur
561 1999 587 2023 in
604 1999 725 2032 exemplis
742 1999 841 2030 alienis¹
859 1999 893 2025 ad
909 2007 940 2026 ea
955 2000 1124 2030 transeamus,
1141 2007 1207 2032 quae
1224 1999 1273 2025 huc
1289 2000 1444 2033 pertineant.

397 2038 458 2064 Loci
474 2039 556 2071 igitur
573 2038 657 2068 finem,
679 2039 712 2064 ad
734 2047 809 2072 quem
826 2047 905 2072 usque
921 2041 1042 2072 porrecta
1059 2035 1241 2071 intelligantur
1258 2047 1296 2068 ea,
1313 2047 1379 2071 quae
1396 2040 1525 2065 sententia
1540 2040 1663 2072 primaria
1680 2041 1811 2066 continen-

299 2080 350 2109 tur,
368 2078 439 2105 vides
456 2078 524 2112 apud
537 2078 650 2104 Solinum
669 2079 707 2110 14,
721 2080 744 2105 1:
763 2078 894 2114 Hypanls
909 2087 1001 2113 purus
1017 2082 1045 2104 et
1062 2078 1168 2105 hau-seu
1192 2079 1396 2105 saluberrimus
1414 2088 1523 2113 usque
1539 2079 1560 2105 d
1565 2088 1617 2105 um
1636 2080 1811 2114 caumana-⁸

297 2121 430 2144 terminis
447 2120 598 2152 inferatur
632 2119 758 2145 Ammian.
767 2119 862 2146 XXXI.
878 2121 902 2150 2,
914 2121 960 2145 15.
980 2119 1098 2153 Ideoque
1114 2120 1200 2154 playa
1216 2122 1309 2146 onustis
1328 2118 1441 2145 Orienti
1456 2122 1563 2146 aestivo
1579 2120 1686 2146 obiecta
1703 2129 1811 2154 unque

299 2160 381 2186 dum
398 2162 509 2185 venitur·
525 2160 562 2185 ad
581 2158 665 2185 Serus
682 2159 876 2186 inhabitabills
893 2161 1002 2184 mansu
1027 2159 1085 2187 (der
1103 2160 1168 2184 nach
1179 2159 1259 2185 Osten
1277 2160 1317 2184 bis
1335 2168 1364 2184 zu
1382 2160 1431 2185 den
1447 2160 1527 2185 Sei-en
1543 2160 1599 2185 sich
1615 2160 1812 2185 hinstreckende

300 2200 474 2233 Landstrich).

397 2241 529 2275 Temporis
551 2242 626 2272 ratio,
649 2249 724 2275 quam
750 2240 863 2273 intelligi
887 2240 1011 2270 volumus,
1034 2241 1199 2273 agnoscenda
1222 2241 1324 2267 videtur
1348 2249 1403 2267 esse
1426 2242 1494 2275 apud
1517 2242 1665 2268 Ciceronem
1682 2242 1715 2268 ad
1732 2242 1813 2269 Attie.

299 2281 410 2308 xv.23:
428 2281 595 2315 Quousque?
616 2283 735 2315 inquies.
769 2280 869 2311 Quom!
889 2283 943 2306 eru
966 2284 1128 2315 inteqrums
1150 2284 1205 2307 ert!
1228 2286 1323 2307 autem
1347 2291 1456 2316 usque
1473 2283 1551 2309 dum
1578 2283 1617 2309 ad
1641 2292 1741 2310 men
1769 2285 1814 2311 ubi

297 2324 384 2349 tamen
403 2322 481 2348 etiam
498 2330 599 2355 usque
616 2322 652 2348 ad
670 2329 777 2348 navem
795 2321 923 2347 scribitur.
956 2321 1135 2347 Recentiorum
1153 2323 1305 2355 scriptorum
1319 2323 1432 2355 exempla
1451 2323 1514 2349 nihil
1528 2324 1624 2350 habent
1634 2323 1813 2351 dubitationis.

1601 2366 1617 2382 0
