<?xml version="1.0" encoding="UTF-8"?>
<!DOCTYPE html PUBLIC "-//W3C//DTD XHTML 1.0 Transitional//EN"
    "http://www.w3.org/TR/xhtml1/DTD/xhtml1-transitional.dtd">
<html xmlns="http://www.w3.org/1999/xhtml" xml:lang="en" lang="en">
 <head>
  <title>
</title>
<meta http-equiv="Content-Type" content="text/html;charset=utf-8" />
  <meta name='ocr-system' content='tesseract 3.04.00' />
  <meta name='ocr-capabilities' content='ocr_page ocr_carea ocr_par ocr_line ocrx_word'/>
</head>
<body>
  <div class='ocr_page' id='page_1' title='image "4765498_0011.png"; bbox 0 0 1984 2597; ppageno 0'>
   <div class='ocr_carea' id='block_1_1' title="bbox 147 742 1809 2286">
    <p class='ocr_par' dir='ltr' id='par_1_1' title="bbox 147 742 1809 2286">
     <span class='ocr_line' id='line_1_1' title="bbox 270 742 1807 822; baseline -0.002 -10"><span class='ocrx_word' id='word_1_1' title='bbox 270 819 273 822; x_wconf 35' lang='grc'>,</span> <span class='ocrx_word' id='word_1_2' title='bbox 297 742 507 820; x_wconf 85' lang='lat' dir='ltr'>Bibliopolae,</span> <span class='ocrx_word' id='word_1_3' title='bbox 537 778 605 810; x_wconf 91' lang='lat' dir='ltr'>Vir</span> <span class='ocrx_word' id='word_1_4' title='bbox 635 778 796 816; x_wconf 85' lang='lat' dir='ltr'>Summe,</span> <span class='ocrx_word' id='word_1_5' title='bbox 826 776 968 817; x_wconf 85' lang='lat' dir='ltr'>quoniam</span> <span class='ocrx_word' id='word_1_6' title='bbox 998 774 1088 807; x_wconf 88' lang='lat' dir='ltr'>hodie</span> <span class='ocrx_word' id='word_1_7' title='bbox 1117 774 1193 805; x_wconf 90' lang='lat' dir='ltr'>nihil</span> <span class='ocrx_word' id='word_1_8' title='bbox 1222 774 1285 805; x_wconf 86' lang='lat' dir='ltr'>fere</span> <span class='ocrx_word' id='word_1_9' title='bbox 1311 785 1408 806; x_wconf 87' lang='lat' dir='ltr'>emere</span> <span class='ocrx_word' id='word_1_10' title='bbox 1433 775 1545 815; x_wconf 83' lang='lat' dir='ltr'>volunt,</span> <span class='ocrx_word' id='word_1_11' title='bbox 1575 776 1634 808; x_wconf 89' lang='lat' dir='ltr'>nisi</span> <span class='ocrx_word' id='word_1_12' title='bbox 1654 758 1736 817; x_wconf 85' lang='lat' dir='ltr'>quod</span> <span class='ocrx_word' id='word_1_13' title='bbox 1756 777 1807 809; x_wconf 85' lang='lat' dir='ltr'>vix</span> 
     </span>
     <span class='ocr_line' id='line_1_2' title="bbox 151 826 1809 894; baseline -0.003 -8"><span class='ocrx_word' id='word_1_14' title='bbox 151 856 268 886; x_wconf 90' lang='lat' dir='ltr'>coctum</span> <span class='ocrx_word' id='word_1_15' title='bbox 299 852 431 894; x_wconf 81' lang='lat' dir='ltr'>puerulis</span> <span class='ocrx_word' id='word_1_16' title='bbox 462 826 564 884; x_wconf 47' lang='lat' dir='ltr'>statim</span> <span class='ocrx_word' id='word_1_17' title='bbox 593 852 708 892; x_wconf 83' lang='lat' dir='ltr'>possint</span> <span class='ocrx_word' id='word_1_18' title='bbox 735 828 897 889; x_wconf 79' lang='lat' dir='ltr'>venditare,</span> <span class='ocrx_word' id='word_1_19' title='bbox 917 849 1039 890; x_wconf 84' lang='lat' dir='ltr'>pietatis</span> <span class='ocrx_word' id='word_1_20' title='bbox 1060 858 1132 888; x_wconf 81' lang='lat' dir='ltr'>erga</span> <span class='ocrx_word' id='word_1_21' title='bbox 1163 848 1212 879; x_wconf 91' lang='lat' dir='ltr'>Te</span> <span class='ocrx_word' id='word_1_22' title='bbox 1232 858 1316 879; x_wconf 89' lang='lat' dir='ltr'>meae</span> <span class='ocrx_word' id='word_1_23' title='bbox 1336 858 1396 879; x_wconf 91' lang='lat' dir='ltr'>non</span> <span class='ocrx_word' id='word_1_24' title='bbox 1416 848 1460 879; x_wconf 84' lang='lat' dir='ltr'>ita</span> <span class='ocrx_word' id='word_1_25' title='bbox 1480 858 1620 889; x_wconf 87' lang='lat' dir='ltr'>maguum</span> <span class='ocrx_word' id='word_1_26' title='bbox 1640 850 1713 880; x_wconf 90' lang='lat' dir='ltr'>mihi</span> <span class='ocrx_word' id='word_1_27' title='bbox 1733 849 1809 881; x_wconf 84' lang='lat' dir='ltr'>dare</span> 
     </span>
     <span class='ocr_line' id='line_1_3' title="bbox 152 907 1807 967; baseline -0.002 -10"><span class='ocrx_word' id='word_1_28' title='bbox 152 926 361 958; x_wconf 82' lang='lat' dir='ltr'><strong>documentum</strong></span> <span class='ocrx_word' id='word_1_29' title='bbox 371 925 463 956; x_wconf 88' lang='lat' dir='ltr'>licuit.</span> <span class='ocrx_word' id='word_1_30' title='bbox 504 924 581 955; x_wconf 85' lang='lat' dir='ltr'>Nam</span> <span class='ocrx_word' id='word_1_31' title='bbox 598 925 624 955; x_wconf 85' lang='lat' dir='ltr'>si</span> <span class='ocrx_word' id='word_1_32' title='bbox 637 927 785 967; x_wconf 60' lang='lat' dir='ltr'>non‚esset</span> <span class='ocrx_word' id='word_1_33' title='bbox 794 923 877 960; x_wconf 89' lang='lat' dir='ltr'>illud,</span> <span class='ocrx_word' id='word_1_34' title='bbox 897 924 929 954; x_wconf 85' lang='lat' dir='ltr'>in</span> <span class='ocrx_word' id='word_1_35' title='bbox 939 907 1127 963; x_wconf 48' lang='lat' dir='ltr'>ssratulandis</span> <span class='ocrx_word' id='word_1_36' title='bbox 1146 920 1193 951; x_wconf 86' lang='lat' dir='ltr'>his</span> <span class='ocrx_word' id='word_1_37' title='bbox 1204 920 1292 951; x_wconf 91' lang='lat' dir='ltr'>Tibi</span> <span class='ocrx_word' id='word_1_38' title='bbox 1303 920 1393 952; x_wconf 84' lang='lat' dir='ltr'>Tuis</span> <span class='ocrx_word' id='word_1_39' title='bbox 1413 921 1505 953; x_wconf 87' lang='lat' dir='ltr'>studii</span> <span class='ocrx_word' id='word_1_40' title='bbox 1515 922 1755 954; x_wconf 68' lang='lat' dir='ltr'>excellentissimi</span> <span class='ocrx_word' id='word_1_41' title='bbox 1774 924 1807 954; x_wconf 87' lang='lat' dir='ltr'>in</span> 
     </span>
     <span class='ocr_line' id='line_1_4' title="bbox 150 992 1805 1037; baseline -0.002 -6"><span class='ocrx_word' id='word_1_42' title='bbox 150 999 303 1031; x_wconf 87' lang='lat' dir='ltr'>iuventute</span> <span class='ocrx_word' id='word_1_43' title='bbox 323 998 364 1030; x_wconf 88' lang='lat' dir='ltr'>ad</span> <span class='ocrx_word' id='word_1_44' title='bbox 383 997 599 1029; x_wconf 75' lang='lat' dir='ltr'>humanitatem</span> <span class='ocrx_word' id='word_1_45' title='bbox 620 1007 795 1037; x_wconf 88' lang='lat' dir='ltr'>omnemque</span> <span class='ocrx_word' id='word_1_46' title='bbox 815 997 960 1027; x_wconf 83' lang='lat' dir='ltr'>virtutem</span> <span class='ocrx_word' id='word_1_47' title='bbox 977 992 1168 1026; x_wconf 80' lang='lat' dir='ltr'>informanda</span> <span class='ocrx_word' id='word_1_48' title='bbox 1187 1002 1242 1033; x_wconf 85' lang='lat' dir='ltr'>per</span> <span class='ocrx_word' id='word_1_49' title='bbox 1261 993 1413 1024; x_wconf 86' lang='lat' dir='ltr'>saeculum</span> <span class='ocrx_word' id='word_1_50' title='bbox 1433 993 1621 1025; x_wconf 87' lang='lat' dir='ltr'>dimidiatum</span> <span class='ocrx_word' id='word_1_51' title='bbox 1634 995 1805 1027; x_wconf 78' lang='lat' dir='ltr'>admirabili</span> 
     </span>
     <span class='ocr_line' id='line_1_5' title="bbox 153 1050 1806 1108; baseline -0.001 -5"><span class='ocrx_word' id='word_1_52' title='bbox 153 1081 221 1104; x_wconf 88' lang='lat' dir='ltr'>cum</span> <span class='ocrx_word' id='word_1_53' title='bbox 242 1074 349 1102; x_wconf 82' lang='lat' dir='ltr'>eventu</span> <span class='ocrx_word' id='word_1_54' title='bbox 369 1069 507 1101; x_wconf 88' lang='lat' dir='ltr'>collocati</span> <span class='ocrx_word' id='word_1_55' title='bbox 527 1068 714 1100; x_wconf 80' lang='lat' dir='ltr'>sollemnibus</span> <span class='ocrx_word' id='word_1_56' title='bbox 734 1078 794 1099; x_wconf 89' lang='lat' dir='ltr'>non</span> <span class='ocrx_word' id='word_1_57' title='bbox 814 1070 1045 1108; x_wconf 72' lang='lat' dir='ltr'><strong>programmate,</strong></span> <span class='ocrx_word' id='word_1_58' title='bbox 1066 1066 1147 1107; x_wconf 90' lang='lat' dir='ltr'>quod</span> <span class='ocrx_word' id='word_1_59' title='bbox 1167 1066 1278 1105; x_wconf 86' lang='lat' dir='ltr'>dicunt,</span> <span class='ocrx_word' id='word_1_60' title='bbox 1300 1066 1388 1097; x_wconf 84' lang='lat' dir='ltr'>Tibi</span> <span class='ocrx_word' id='word_1_61' title='bbox 1408 1066 1574 1098; x_wconf 76' lang='lat' dir='ltr'>dedicando</span> <span class='ocrx_word' id='word_1_62' title='bbox 1583 1050 1806 1108; x_wconf 66' lang='lat' dir='ltr'>acquievissem,</span> 
     </span>
     <span class='ocr_line' id='line_1_6' title="bbox 152 1139 1805 1191; baseline -0.002 -15"><span class='ocrx_word' id='word_1_63' title='bbox 152 1144 207 1176; x_wconf 88' lang='lat' dir='ltr'>sed</span> <span class='ocrx_word' id='word_1_64' title='bbox 226 1143 336 1175; x_wconf 90' lang='lat' dir='ltr'>librum</span> <span class='ocrx_word' id='word_1_65' title='bbox 357 1142 540 1183; x_wconf 72' lang='lat' dir='ltr'>scripsissem</span> <span class='ocrx_word' id='word_1_66' title='bbox 560 1141 732 1191; x_wconf 76' lang='lat' dir='ltr'>ampliorem</span> <span class='ocrx_word' id='word_1_67' title='bbox 759 1140 910 1181; x_wconf 86' lang='lat' dir='ltr'>Tibique</span> <span class='ocrx_word' id='word_1_68' title='bbox 936 1139 1136 1179; x_wconf 78' lang='lat' dir='ltr'>tradidissem,</span> <span class='ocrx_word' id='word_1_69' title='bbox 1157 1150 1218 1180; x_wconf 90' lang='lat' dir='ltr'>quo</span> <span class='ocrx_word' id='word_1_70' title='bbox 1232 1140 1367 1179; x_wconf 85' lang='lat' dir='ltr'>materia,</span> <span class='ocrx_word' id='word_1_71' title='bbox 1388 1150 1480 1180; x_wconf 85' lang='lat' dir='ltr'>quam</span> <span class='ocrx_word' id='word_1_72' title='bbox 1493 1151 1573 1172; x_wconf 85' lang='lat' dir='ltr'>nunc</span> <span class='ocrx_word' id='word_1_73' title='bbox 1586 1141 1707 1181; x_wconf 88' lang='lat' dir='ltr'>quidem</span> <span class='ocrx_word' id='word_1_74' title='bbox 1717 1143 1805 1182; x_wconf 82' lang='lat' dir='ltr'>attigi</span> 
     </span>
     <span class='ocr_line' id='line_1_7' title="bbox 153 1207 1805 1257; baseline -0.001 -8"><span class='ocrx_word' id='word_1_75' title='bbox 153 1216 251 1256; x_wconf 86' lang='lat' dir='ltr'>modo,</span> <span class='ocrx_word' id='word_1_76' title='bbox 271 1218 418 1257; x_wconf 83' lang='lat' dir='ltr'>quantum</span> <span class='ocrx_word' id='word_1_77' title='bbox 437 1215 469 1246; x_wconf 91' lang='lat' dir='ltr'>in</span> <span class='ocrx_word' id='word_1_78' title='bbox 488 1224 537 1245; x_wconf 89' lang='lat' dir='ltr'>me</span> <span class='ocrx_word' id='word_1_79' title='bbox 556 1217 640 1252; x_wconf 85' lang='lat' dir='ltr'>esset,</span> <span class='ocrx_word' id='word_1_80' title='bbox 669 1213 813 1244; x_wconf 87' lang='lat' dir='ltr'>exhausta</span> <span class='ocrx_word' id='word_1_81' title='bbox 832 1207 991 1244; x_wconf 70' lang='lat' dir='ltr'>&#39;videmnm</span> <span class='ocrx_word' id='word_1_82' title='bbox 1033 1212 1076 1244; x_wconf 90' lang='lat' dir='ltr'>Ut</span> <span class='ocrx_word' id='word_1_83' title='bbox 1095 1212 1198 1244; x_wconf 86' lang='lat' dir='ltr'>videas</span> <span class='ocrx_word' id='word_1_84' title='bbox 1217 1215 1327 1251; x_wconf 76' lang='lat' dir='ltr'>autem,</span> <span class='ocrx_word' id='word_1_85' title='bbox 1358 1213 1426 1243; x_wconf 91' lang='lat' dir='ltr'>Vir</span> <span class='ocrx_word' id='word_1_86' title='bbox 1446 1212 1602 1252; x_wconf 89' lang='lat' dir='ltr'>Summe,</span> <span class='ocrx_word' id='word_1_87' title='bbox 1633 1216 1665 1245; x_wconf 89' lang='lat' dir='ltr'>et</span> <span class='ocrx_word' id='word_1_88' title='bbox 1684 1214 1805 1255; x_wconf 83' lang='lat' dir='ltr'>qualem</span> 
     </span>
     <span class='ocr_line' id='line_1_8' title="bbox 152 1286 1806 1328; baseline 0 -7"><span class='ocrx_word' id='word_1_89' title='bbox 152 1289 311 1321; x_wconf 75' lang='lat' dir='ltr'>materiam</span> <span class='ocrx_word' id='word_1_90' title='bbox 330 1288 456 1328; x_wconf 83' lang='lat' dir='ltr'>intelligi</span> <span class='ocrx_word' id='word_1_91' title='bbox 482 1287 570 1320; x_wconf 87' lang='lat' dir='ltr'>velim</span> <span class='ocrx_word' id='word_1_92' title='bbox 590 1290 620 1319; x_wconf 87' lang='lat' dir='ltr'>et</span> <span class='ocrx_word' id='word_1_93' title='bbox 639 1286 710 1327; x_wconf 83' lang='lat' dir='ltr'>quid</span> <span class='ocrx_word' id='word_1_94' title='bbox 730 1296 766 1318; x_wconf 81' lang='lat' dir='ltr'>ea</span> <span class='ocrx_word' id='word_1_95' title='bbox 785 1286 944 1318; x_wconf 85' lang='lat' dir='ltr'>cohaereat</span> <span class='ocrx_word' id='word_1_96' title='bbox 965 1296 1034 1318; x_wconf 87' lang='lat' dir='ltr'>cum</span> <span class='ocrx_word' id='word_1_97' title='bbox 1053 1286 1098 1325; x_wconf 87' lang='lat' dir='ltr'>iis,</span> <span class='ocrx_word' id='word_1_98' title='bbox 1129 1296 1208 1327; x_wconf 88' lang='lat' dir='ltr'>quae</span> <span class='ocrx_word' id='word_1_99' title='bbox 1227 1286 1287 1318; x_wconf 88' lang='lat' dir='ltr'>alio</span> <span class='ocrx_word' id='word_1_100' title='bbox 1308 1289 1443 1327; x_wconf 84' lang='lat' dir='ltr'>tempore</span> <span class='ocrx_word' id='word_1_101' title='bbox 1463 1287 1557 1318; x_wconf 83' lang='lat' dir='ltr'>edidi:</span> <span class='ocrx_word' id='word_1_102' title='bbox 1587 1289 1738 1321; x_wconf 76' lang='lat' dir='ltr'>sententia</span> <span class='ocrx_word' id='word_1_103' title='bbox 1758 1299 1806 1321; x_wconf 86' lang='lat' dir='ltr'>se-</span> 
     </span>
     <span class='ocr_line' id='line_1_9' title="bbox 154 1359 1805 1403; baseline -0.001 -9"><span class='ocrx_word' id='word_1_104' title='bbox 154 1362 298 1394; x_wconf 82' lang='lat' dir='ltr'>cundaria</span> <span class='ocrx_word' id='word_1_105' title='bbox 327 1362 353 1394; x_wconf 90' lang='lat' dir='ltr'>si</span> <span class='ocrx_word' id='word_1_106' title='bbox 383 1371 452 1393; x_wconf 89' lang='lat' dir='ltr'>cum</span> <span class='ocrx_word' id='word_1_107' title='bbox 481 1361 624 1402; x_wconf 82' lang='lat' dir='ltr'>primaria</span> <span class='ocrx_word' id='word_1_108' title='bbox 654 1363 841 1401; x_wconf 84' lang='lat' dir='ltr'>comparetur</span> <span class='ocrx_word' id='word_1_109' title='bbox 867 1360 900 1391; x_wconf 93' lang='lat' dir='ltr'>in</span> <span class='ocrx_word' id='word_1_110' title='bbox 930 1370 1025 1401; x_wconf 88' lang='lat' dir='ltr'>eoque</span> <span class='ocrx_word' id='word_1_111' title='bbox 1056 1359 1229 1391; x_wconf 74' lang='lat' dir='ltr'>discedatur</span> <span class='ocrx_word' id='word_1_112' title='bbox 1248 1369 1269 1391; x_wconf 81' lang='lat' dir='ltr'>a</span> <span class='ocrx_word' id='word_1_113' title='bbox 1288 1363 1431 1392; x_wconf 87' lang='lat' dir='ltr'>contextu</span> <span class='ocrx_word' id='word_1_114' title='bbox 1451 1360 1601 1400; x_wconf 88' lang='lat' dir='ltr'>orationis,</span> <span class='ocrx_word' id='word_1_115' title='bbox 1632 1372 1693 1402; x_wconf 87' lang='lat' dir='ltr'>quo</span> <span class='ocrx_word' id='word_1_116' title='bbox 1713 1372 1805 1403; x_wconf 73' lang='lat' dir='ltr'>saepe</span> 
     </span>
     <span class='ocr_line' id='line_1_10' title="bbox 154 1433 1808 1476; baseline 0 -9"><span class='ocrx_word' id='word_1_117' title='bbox 154 1445 258 1467; x_wconf 80' lang='lat' dir='ltr'>earum</span> <span class='ocrx_word' id='word_1_118' title='bbox 273 1435 354 1468; x_wconf 88' lang='lat' dir='ltr'>locos</span> <span class='ocrx_word' id='word_1_119' title='bbox 374 1435 552 1467; x_wconf 85' lang='lat' dir='ltr'>commutari</span> <span class='ocrx_word' id='word_1_120' title='bbox 572 1437 617 1466; x_wconf 86' lang='lat' dir='ltr'>est</span> <span class='ocrx_word' id='word_1_121' title='bbox 637 1437 871 1472; x_wconf 86' lang='lat' dir='ltr'>consentaneum,</span> <span class='ocrx_word' id='word_1_122' title='bbox 891 1436 1027 1474; x_wconf 88' lang='lat' dir='ltr'>apparet,</span> <span class='ocrx_word' id='word_1_123' title='bbox 1047 1433 1131 1473; x_wconf 86' lang='lat' dir='ltr'>prius</span> <span class='ocrx_word' id='word_1_124' title='bbox 1150 1433 1176 1464; x_wconf 90' lang='lat' dir='ltr'>si</span> <span class='ocrx_word' id='word_1_125' title='bbox 1195 1433 1249 1464; x_wconf 85' lang='lat' dir='ltr'>illa</span> <span class='ocrx_word' id='word_1_126' title='bbox 1269 1434 1424 1473; x_wconf 79' lang='lat' dir='ltr'>cogitetur,</span> <span class='ocrx_word' id='word_1_127' title='bbox 1446 1436 1600 1475; x_wconf 80' lang='lat' dir='ltr'>praemitti</span> <span class='ocrx_word' id='word_1_128' title='bbox 1619 1446 1687 1468; x_wconf 88' lang='lat' dir='ltr'>eam</span> <span class='ocrx_word' id='word_1_129' title='bbox 1708 1437 1808 1476; x_wconf 77' lang='lat' dir='ltr'>alteri,</span> 
     </span>
     <span class='ocr_line' id='line_1_11' title="bbox 151 1507 1807 1551; baseline 0.001 -11"><span class='ocrx_word' id='word_1_130' title='bbox 151 1509 177 1540; x_wconf 86' lang='lat' dir='ltr'>si</span> <span class='ocrx_word' id='word_1_131' title='bbox 197 1509 303 1547; x_wconf 85' lang='lat' dir='ltr'>minus,</span> <span class='ocrx_word' id='word_1_132' title='bbox 323 1508 481 1540; x_wconf 84' lang='lat' dir='ltr'>succedere</span> <span class='ocrx_word' id='word_1_133' title='bbox 500 1512 644 1548; x_wconf 85' lang='lat' dir='ltr'>oportere.</span> <span class='ocrx_word' id='word_1_134' title='bbox 685 1507 732 1539; x_wconf 89' lang='lat' dir='ltr'>Ita</span> <span class='ocrx_word' id='word_1_135' title='bbox 749 1507 971 1545; x_wconf 82' lang='lat' dir='ltr'>sententiarum,</span> <span class='ocrx_word' id='word_1_136' title='bbox 1002 1517 1077 1547; x_wconf 83' lang='lat' dir='ltr'>quas</span> <span class='ocrx_word' id='word_1_137' title='bbox 1098 1507 1169 1545; x_wconf 83' lang='lat' dir='ltr'>dixi,</span> <span class='ocrx_word' id='word_1_138' title='bbox 1201 1507 1336 1539; x_wconf 89' lang='lat' dir='ltr'>ordinem</span> <span class='ocrx_word' id='word_1_139' title='bbox 1356 1508 1381 1539; x_wconf 88' lang='lat' dir='ltr'>si</span> <span class='ocrx_word' id='word_1_140' title='bbox 1400 1512 1570 1548; x_wconf 80' lang='lat' dir='ltr'>spectamus</span> <span class='ocrx_word' id='word_1_141' title='bbox 1590 1513 1717 1542; x_wconf 77' lang='lat' dir='ltr'>naturae</span> <span class='ocrx_word' id='word_1_142' title='bbox 1738 1512 1807 1551; x_wconf 92' lang='lat' dir='ltr'>qui-</span> 
     </span>
     <span class='ocr_line' id='line_1_12' title="bbox 151 1579 1806 1631; baseline 0.001 -18"><span class='ocrx_word' id='word_1_143' title='bbox 151 1582 220 1613; x_wconf 91' lang='lat' dir='ltr'>dem</span> <span class='ocrx_word' id='word_1_144' title='bbox 240 1585 459 1623; x_wconf 81' lang='lat' dir='ltr'>congruentem,</span> <span class='ocrx_word' id='word_1_145' title='bbox 481 1592 548 1613; x_wconf 92' lang='lat' dir='ltr'>cum</span> <span class='ocrx_word' id='word_1_146' title='bbox 568 1581 677 1621; x_wconf 85' lang='lat' dir='ltr'>duplex</span> <span class='ocrx_word' id='word_1_147' title='bbox 697 1590 798 1611; x_wconf 86' lang='lat' dir='ltr'>earum</span> <span class='ocrx_word' id='word_1_148' title='bbox 817 1579 895 1631; x_wconf 83' lang='lat' dir='ltr'>ratio</span> <span class='ocrx_word' id='word_1_149' title='bbox 916 1579 970 1612; x_wconf 85' lang='lat' dir='ltr'>sit:</span> <span class='ocrx_word' id='word_1_150' title='bbox 997 1582 1032 1610; x_wconf 90' lang='lat' dir='ltr'>ut</span> <span class='ocrx_word' id='word_1_151' title='bbox 1050 1580 1205 1620; x_wconf 81' lang='lat' dir='ltr'>protasim,</span> <span class='ocrx_word' id='word_1_152' title='bbox 1226 1590 1304 1620; x_wconf 88' lang='lat' dir='ltr'>quae</span> <span class='ocrx_word' id='word_1_153' title='bbox 1324 1580 1441 1619; x_wconf 84' lang='lat' dir='ltr'>dicitur,</span> <span class='ocrx_word' id='word_1_154' title='bbox 1462 1582 1637 1614; x_wconf 84' lang='lat' dir='ltr'>omittamus</span> <span class='ocrx_word' id='word_1_155' title='bbox 1657 1582 1716 1614; x_wconf 77' lang='lat' dir='ltr'>alio</span> <span class='ocrx_word' id='word_1_156' title='bbox 1737 1583 1806 1616; x_wconf 88' lang='lat' dir='ltr'>loco</span> 
     </span>
     <span class='ocr_line' id='line_1_13' title="bbox 151 1652 1806 1698; baseline 0.001 -11"><span class='ocrx_word' id='word_1_157' title='bbox 151 1665 212 1687; x_wconf 82' lang='lat' dir='ltr'>una</span> <span class='ocrx_word' id='word_1_158' title='bbox 232 1665 301 1687; x_wconf 85' lang='lat' dir='ltr'>cum</span> <span class='ocrx_word' id='word_1_159' title='bbox 319 1655 443 1697; x_wconf 86' lang='lat' dir='ltr'>apodosi</span> <span class='ocrx_word' id='word_1_160' title='bbox 461 1656 522 1687; x_wconf 90' lang='lat' dir='ltr'>iam</span> <span class='ocrx_word' id='word_1_161' title='bbox 542 1664 724 1696; x_wconf 80' lang='lat' dir='ltr'>perpensam,</span> <span class='ocrx_word' id='word_1_162' title='bbox 745 1663 848 1684; x_wconf 82' lang='lat' dir='ltr'>earum</span> <span class='ocrx_word' id='word_1_163' title='bbox 862 1652 983 1693; x_wconf 89' lang='lat' dir='ltr'>quidem</span> <span class='ocrx_word' id='word_1_164' title='bbox 996 1653 1249 1693; x_wconf 86' lang='lat' dir='ltr'>secundariarum,</span> <span class='ocrx_word' id='word_1_165' title='bbox 1271 1664 1346 1694; x_wconf 87' lang='lat' dir='ltr'>quas</span> <span class='ocrx_word' id='word_1_166' title='bbox 1356 1655 1517 1695; x_wconf 88' lang='lat' dir='ltr'>primariae</span> <span class='ocrx_word' id='word_1_167' title='bbox 1527 1655 1647 1688; x_wconf 85' lang='lat' dir='ltr'>adnecti</span> <span class='ocrx_word' id='word_1_168' title='bbox 1658 1661 1806 1698; x_wconf 81' lang='lat' dir='ltr'>oporteat,</span> 
     </span>
     <span class='ocr_line' id='line_1_14' title="bbox 150 1725 1805 1770; baseline 0.001 -10"><span class='ocrx_word' id='word_1_169' title='bbox 150 1727 349 1761; x_wconf 82' lang='lat' dir='ltr'>diversissima</span> <span class='ocrx_word' id='word_1_170' title='bbox 369 1738 433 1760; x_wconf 85' lang='lat' dir='ltr'>esse</span> <span class='ocrx_word' id='word_1_171' title='bbox 453 1738 561 1769; x_wconf 87' lang='lat' dir='ltr'>genera</span> <span class='ocrx_word' id='word_1_172' title='bbox 581 1727 743 1759; x_wconf 82' lang='lat' dir='ltr'>videantur.</span> <span class='ocrx_word' id='word_1_173' title='bbox 785 1725 859 1757; x_wconf 89' lang='lat' dir='ltr'>Cum</span> <span class='ocrx_word' id='word_1_174' title='bbox 879 1726 958 1757; x_wconf 85' lang='lat' dir='ltr'>enim</span> <span class='ocrx_word' id='word_1_175' title='bbox 976 1735 1079 1758; x_wconf 85' lang='lat' dir='ltr'>omnes</span> <span class='ocrx_word' id='word_1_176' title='bbox 1099 1726 1139 1758; x_wconf 82' lang='lat' dir='ltr'>ad</span> <span class='ocrx_word' id='word_1_177' title='bbox 1159 1726 1243 1758; x_wconf 87' lang='lat' dir='ltr'>illam</span> <span class='ocrx_word' id='word_1_178' title='bbox 1263 1727 1406 1760; x_wconf 87' lang='lat' dir='ltr'>accedere</span> <span class='ocrx_word' id='word_1_179' title='bbox 1427 1728 1486 1760; x_wconf 86' lang='lat' dir='ltr'>dici</span> <span class='ocrx_word' id='word_1_180' title='bbox 1503 1729 1593 1761; x_wconf 84' lang='lat' dir='ltr'>liceat</span> <span class='ocrx_word' id='word_1_181' title='bbox 1602 1730 1703 1770; x_wconf 86' lang='lat' dir='ltr'>aliquo</span> <span class='ocrx_word' id='word_1_182' title='bbox 1714 1730 1805 1762; x_wconf 88' lang='lat' dir='ltr'>modo</span> 
     </span>
     <span class='ocr_line' id='line_1_15' title="bbox 151 1780 1804 1846; baseline 0.002 -12"><span class='ocrx_word' id='word_1_183' title='bbox 151 1780 356 1843; x_wconf 85' lang='lat' dir='ltr'>supplendam,</span> <span class='ocrx_word' id='word_1_184' title='bbox 376 1803 453 1835; x_wconf 86' lang='lat' dir='ltr'>aliae</span> <span class='ocrx_word' id='word_1_185' title='bbox 473 1806 574 1835; x_wconf 84' lang='lat' dir='ltr'>tamen</span> <span class='ocrx_word' id='word_1_186' title='bbox 593 1802 764 1843; x_wconf 85' lang='lat' dir='ltr'>simpliciter</span> <span class='ocrx_word' id='word_1_187' title='bbox 784 1801 812 1832; x_wconf 91' lang='lat' dir='ltr'>ei</span> <span class='ocrx_word' id='word_1_188' title='bbox 830 1799 1026 1832; x_wconf 81' lang='lat' dir='ltr'>illustrandae</span> <span class='ocrx_word' id='word_1_189' title='bbox 1046 1800 1219 1840; x_wconf 88' lang='lat' dir='ltr'>inserviunt,</span> <span class='ocrx_word' id='word_1_190' title='bbox 1239 1802 1322 1834; x_wconf 84' lang='lat' dir='ltr'>velut</span> <span class='ocrx_word' id='word_1_191' title='bbox 1341 1803 1492 1843; x_wconf 86' lang='lat' dir='ltr'>relativae,</span> <span class='ocrx_word' id='word_1_192' title='bbox 1512 1815 1590 1844; x_wconf 87' lang='lat' dir='ltr'>quae</span> <span class='ocrx_word' id='word_1_193' title='bbox 1601 1805 1688 1846; x_wconf 84' lang='lat' dir='ltr'>vulgo</span> <span class='ocrx_word' id='word_1_194' title='bbox 1700 1806 1804 1838; x_wconf 89' lang='lat' dir='ltr'>dicun-</span> 
     </span>
     <span class='ocr_line' id='line_1_16' title="bbox 150 1873 1806 1917; baseline 0.002 -9"><span class='ocrx_word' id='word_1_195' title='bbox 150 1878 209 1915; x_wconf 91' lang='lat' dir='ltr'>tur,</span> <span class='ocrx_word' id='word_1_196' title='bbox 229 1875 307 1908; x_wconf 82' lang='lat' dir='ltr'>aliae</span> <span class='ocrx_word' id='word_1_197' title='bbox 327 1876 515 1915; x_wconf 77' lang='lat' dir='ltr'>coercendae,</span> <span class='ocrx_word' id='word_1_198' title='bbox 536 1876 612 1908; x_wconf 83' lang='lat' dir='ltr'>aliae</span> <span class='ocrx_word' id='word_1_199' title='bbox 631 1873 856 1915; x_wconf 84' lang='lat' dir='ltr'>amplificandae</span> <span class='ocrx_word' id='word_1_200' title='bbox 877 1873 979 1910; x_wconf 87' lang='lat' dir='ltr'>(simul</span> <span class='ocrx_word' id='word_1_201' title='bbox 998 1876 1033 1905; x_wconf 88' lang='lat' dir='ltr'>ut</span> <span class='ocrx_word' id='word_1_202' title='bbox 1052 1877 1117 1913; x_wconf 93' lang='lat'>—),</span> <span class='ocrx_word' id='word_1_203' title='bbox 1142 1875 1209 1907; x_wconf 82' lang='lat' dir='ltr'>aliis</span> <span class='ocrx_word' id='word_1_204' title='bbox 1228 1877 1398 1908; x_wconf 87' lang='lat' dir='ltr'>consecutio</span> <span class='ocrx_word' id='word_1_205' title='bbox 1418 1877 1547 1917; x_wconf 86' lang='lat' dir='ltr'>additur,</span> <span class='ocrx_word' id='word_1_206' title='bbox 1578 1878 1645 1910; x_wconf 86' lang='lat' dir='ltr'>aliis</span> <span class='ocrx_word' id='word_1_207' title='bbox 1665 1878 1806 1912; x_wconf 73' lang='lat' dir='ltr'>adiicitur</span> 
     </span>
     <span class='ocr_line' id='line_1_17' title="bbox 148 1947 1806 1991; baseline 0.003 -11"><span class='ocrx_word' id='word_1_208' title='bbox 148 1948 190 1989; x_wconf 92' lang='lat' dir='ltr'>id,</span> <span class='ocrx_word' id='word_1_209' title='bbox 220 1949 301 1990; x_wconf 86' lang='lat' dir='ltr'>quod</span> <span class='ocrx_word' id='word_1_210' title='bbox 329 1950 362 1981; x_wconf 91' lang='lat' dir='ltr'>in</span> <span class='ocrx_word' id='word_1_211' title='bbox 388 1960 422 1981; x_wconf 91' lang='lat' dir='ltr'>re</span> <span class='ocrx_word' id='word_1_212' title='bbox 442 1952 673 1981; x_wconf 84' lang='lat' dir='ltr'>commemorata</span> <span class='ocrx_word' id='word_1_213' title='bbox 691 1948 850 1989; x_wconf 78' lang='lat' dir='ltr'>praecipue</span> <span class='ocrx_word' id='word_1_214' title='bbox 870 1947 1167 1980; x_wconf 84' lang='lat' dir='ltr'>animadvertendum</span> <span class='ocrx_word' id='word_1_215' title='bbox 1187 1950 1227 1982; x_wconf 89' lang='lat' dir='ltr'>sit</span> <span class='ocrx_word' id='word_1_216' title='bbox 1247 1951 1436 1991; x_wconf 85' lang='lat' dir='ltr'>(praesertim</span> <span class='ocrx_word' id='word_1_217' title='bbox 1457 1962 1525 1983; x_wconf 87' lang='lat' dir='ltr'>cum</span> <span class='ocrx_word' id='word_1_218' title='bbox 1545 1956 1607 1991; x_wconf 87' lang='lat'>—),</span> <span class='ocrx_word' id='word_1_219' title='bbox 1636 1952 1714 1984; x_wconf 75' lang='lat' dir='ltr'>aliae</span> <span class='ocrx_word' id='word_1_220' title='bbox 1734 1957 1806 1986; x_wconf 86' lang='lat' dir='ltr'>sunt</span> 
     </span>
     <span class='ocr_line' id='line_1_18' title="bbox 148 2020 1804 2066; baseline 0.002 -12"><span class='ocrx_word' id='word_1_221' title='bbox 148 2022 301 2062; x_wconf 86' lang='lat' dir='ltr'>eiusmodi,</span> <span class='ocrx_word' id='word_1_222' title='bbox 328 2026 363 2055; x_wconf 90' lang='lat' dir='ltr'>ut</span> <span class='ocrx_word' id='word_1_223' title='bbox 381 2034 402 2055; x_wconf 83' lang='lat' dir='ltr'>a</span> <span class='ocrx_word' id='word_1_224' title='bbox 421 2024 569 2055; x_wconf 88' lang='lat' dir='ltr'>sententia</span> <span class='ocrx_word' id='word_1_225' title='bbox 587 2022 728 2063; x_wconf 82' lang='lat' dir='ltr'>primaria</span> <span class='ocrx_word' id='word_1_226' title='bbox 748 2020 788 2052; x_wconf 84' lang='lat' dir='ltr'>ad</span> <span class='ocrx_word' id='word_1_227' title='bbox 807 2021 1016 2052; x_wconf 84' lang='lat' dir='ltr'>secundariam</span> <span class='ocrx_word' id='word_1_228' title='bbox 1034 2025 1089 2054; x_wconf 89' lang='lat' dir='ltr'>aut</span> <span class='ocrx_word' id='word_1_229' title='bbox 1114 2024 1317 2056; x_wconf 85' lang='lat' dir='ltr'>ascensionem</span> <span class='ocrx_word' id='word_1_230' title='bbox 1337 2025 1489 2064; x_wconf 81' lang='lat' dir='ltr'>quandam</span> <span class='ocrx_word' id='word_1_231' title='bbox 1508 2024 1574 2056; x_wconf 88' lang='lat' dir='ltr'>fieri</span> <span class='ocrx_word' id='word_1_232' title='bbox 1595 2030 1734 2066; x_wconf 75' lang='lat' dir='ltr'>oporteat</span> <span class='ocrx_word' id='word_1_233' title='bbox 1753 2030 1804 2065; x_wconf 89' lang='lat' dir='ltr'>(eo</span> 
     </span>
     <span class='ocr_line' id='line_1_19' title="bbox 148 2095 1804 2139; baseline 0.002 -12"><span class='ocrx_word' id='word_1_234' title='bbox 148 2096 243 2136; x_wconf 73' lang='lat' dir='ltr'>magis</span> <span class='ocrx_word' id='word_1_235' title='bbox 263 2097 290 2128; x_wconf 84' lang='lat' dir='ltr'>si</span> <span class='ocrx_word' id='word_1_236' title='bbox 309 2114 357 2137; x_wconf 90' lang='lat'>——,</span> <span class='ocrx_word' id='word_1_237' title='bbox 377 2098 468 2129; x_wconf 85' lang='lat' dir='ltr'>etiam</span> <span class='ocrx_word' id='word_1_238' title='bbox 487 2107 555 2129; x_wconf 90' lang='lat' dir='ltr'>cum</span> <span class='ocrx_word' id='word_1_239' title='bbox 574 2097 626 2136; x_wconf 94' lang='lat'>—)</span> <span class='ocrx_word' id='word_1_240' title='bbox 646 2099 700 2127; x_wconf 83' lang='lat' dir='ltr'>aut</span> <span class='ocrx_word' id='word_1_241' title='bbox 720 2095 942 2127; x_wconf 84' lang='lat' dir='ltr'>descensionem</span> <span class='ocrx_word' id='word_1_242' title='bbox 961 2095 1135 2133; x_wconf 83' lang='lat' dir='ltr'>(dumtaxat</span> <span class='ocrx_word' id='word_1_243' title='bbox 1154 2106 1250 2137; x_wconf 78' lang='lat' dir='ltr'>usque</span> <span class='ocrx_word' id='word_1_244' title='bbox 1270 2107 1306 2128; x_wconf 92' lang='lat' dir='ltr'>eo</span> <span class='ocrx_word' id='word_1_245' title='bbox 1326 2108 1364 2128; x_wconf 89' lang='lat' dir='ltr'>ne</span> <span class='ocrx_word' id='word_1_246' title='bbox 1383 2102 1445 2136; x_wconf 92' lang='lat'>-).</span> <span class='ocrx_word' id='word_1_247' title='bbox 1486 2098 1534 2129; x_wconf 88' lang='lat' dir='ltr'>Ex</span> <span class='ocrx_word' id='word_1_248' title='bbox 1553 2098 1612 2130; x_wconf 88' lang='lat' dir='ltr'>hac</span> <span class='ocrx_word' id='word_1_249' title='bbox 1631 2099 1724 2139; x_wconf 85' lang='lat' dir='ltr'>igitur</span> <span class='ocrx_word' id='word_1_250' title='bbox 1736 2110 1804 2131; x_wconf 88' lang='lat' dir='ltr'>sen—</span> 
     </span>
     <span class='ocr_line' id='line_1_20' title="bbox 148 2168 1804 2212; baseline 0.002 -11"><span class='ocrx_word' id='word_1_251' title='bbox 148 2170 311 2202; x_wconf 75' lang='lat' dir='ltr'>tentiarum</span> <span class='ocrx_word' id='word_1_252' title='bbox 341 2172 493 2211; x_wconf 83' lang='lat' dir='ltr'>varietate,</span> <span class='ocrx_word' id='word_1_253' title='bbox 522 2169 771 2212; x_wconf 87' lang='lat' dir='ltr'>proficiscentium</span> <span class='ocrx_word' id='word_1_254' title='bbox 800 2169 921 2200; x_wconf 76' lang='lat' dir='ltr'>illarum</span> <span class='ocrx_word' id='word_1_255' title='bbox 950 2168 1071 2210; x_wconf 90' lang='lat' dir='ltr'>quidem</span> <span class='ocrx_word' id='word_1_256' title='bbox 1091 2170 1178 2210; x_wconf 87' lang='lat' dir='ltr'>quasi</span> <span class='ocrx_word' id='word_1_257' title='bbox 1198 2170 1237 2202; x_wconf 83' lang='lat' dir='ltr'>ab</span> <span class='ocrx_word' id='word_1_258' title='bbox 1258 2181 1317 2202; x_wconf 90' lang='lat' dir='ltr'>uno</span> <span class='ocrx_word' id='word_1_259' title='bbox 1338 2174 1369 2203; x_wconf 92' lang='lat' dir='ltr'>et</span> <span class='ocrx_word' id='word_1_260' title='bbox 1390 2171 1495 2203; x_wconf 90' lang='lat' dir='ltr'>eodem</span> <span class='ocrx_word' id='word_1_261' title='bbox 1515 2172 1622 2212; x_wconf 83' lang='lat' dir='ltr'>capite,</span> <span class='ocrx_word' id='word_1_262' title='bbox 1653 2172 1685 2203; x_wconf 90' lang='lat' dir='ltr'>in</span> <span class='ocrx_word' id='word_1_263' title='bbox 1706 2172 1804 2205; x_wconf 82' lang='lat' dir='ltr'>diver-</span> 
     </span>
     <span class='ocr_line' id='line_1_21' title="bbox 147 2243 1804 2286; baseline 0.001 -9"><span class='ocrx_word' id='word_1_264' title='bbox 147 2244 279 2277; x_wconf 74' lang='lat' dir='ltr'>sissimas</span> <span class='ocrx_word' id='word_1_265' title='bbox 307 2248 409 2277; x_wconf 84' lang='lat' dir='ltr'>tamen</span> <span class='ocrx_word' id='word_1_266' title='bbox 438 2248 539 2286; x_wconf 88' lang='lat' dir='ltr'>partes</span> <span class='ocrx_word' id='word_1_267' title='bbox 559 2243 757 2275; x_wconf 83' lang='lat' dir='ltr'>diffluentium</span> <span class='ocrx_word' id='word_1_268' title='bbox 777 2243 1006 2283; x_wconf 86' lang='lat' dir='ltr'>quodammodo,</span> <span class='ocrx_word' id='word_1_269' title='bbox 1023 2243 1069 2274; x_wconf 85' lang='lat' dir='ltr'>-id</span> <span class='ocrx_word' id='word_1_270' title='bbox 1087 2254 1187 2284; x_wconf 86' lang='lat' dir='ltr'>genus,</span> <span class='ocrx_word' id='word_1_271' title='bbox 1219 2244 1302 2284; x_wconf 87' lang='lat' dir='ltr'>quod</span> <span class='ocrx_word' id='word_1_272' title='bbox 1322 2245 1452 2276; x_wconf 88' lang='lat' dir='ltr'>secundo</span> <span class='ocrx_word' id='word_1_273' title='bbox 1472 2245 1539 2277; x_wconf 88' lang='lat' dir='ltr'>loco</span> <span class='ocrx_word' id='word_1_274' title='bbox 1560 2248 1804 2279; x_wconf 87' lang='lat' dir='ltr'>commemoravi-</span> 
     </span>
    </p>
   </div>
   <div class='ocr_carea' id='block_1_2' title="bbox 147 2316 1804 2361">
    <p class='ocr_par' dir='ltr' id='par_1_2' title="bbox 147 2316 1804 2361">
     <span class='ocr_line' id='line_1_22' title="bbox 147 2316 1804 2361; baseline 0.002 -11"><span class='ocrx_word' id='word_1_275' title='bbox 147 2328 222 2358; x_wconf 84' lang='lat' dir='ltr'>mus,</span> <span class='ocrx_word' id='word_1_276' title='bbox 243 2319 431 2351; x_wconf 81' lang='lat' dir='ltr'>eximendum</span> <span class='ocrx_word' id='word_1_277' title='bbox 451 2318 599 2360; x_wconf 86' lang='lat' dir='ltr'>pauloque</span> <span class='ocrx_word' id='word_1_278' title='bbox 619 2316 796 2358; x_wconf 87' lang='lat' dir='ltr'>diligentius,</span> <span class='ocrx_word' id='word_1_279' title='bbox 822 2318 968 2358; x_wconf 84' lang='lat' dir='ltr'>quantum</span> <span class='ocrx_word' id='word_1_280' title='bbox 988 2317 1021 2349; x_wconf 89' lang='lat' dir='ltr'>id</span> <span class='ocrx_word' id='word_1_281' title='bbox 1040 2319 1277 2351; x_wconf 86' lang='lat' dir='ltr'>commentarioli</span> <span class='ocrx_word' id='word_1_282' title='bbox 1299 2319 1454 2360; x_wconf 86' lang='lat' dir='ltr'>angustiae</span> <span class='ocrx_word' id='word_1_283' title='bbox 1475 2320 1692 2361; x_wconf 85' lang='lat' dir='ltr'>permitterent,</span> <span class='ocrx_word' id='word_1_284' title='bbox 1713 2331 1804 2353; x_wconf 84' lang='lat' dir='ltr'>excu-</span> 
     </span>
    </p>
   </div>
  </div>
 </body>
</html>
