1984 2597
330 143 352 167 0
934 106 994 143 a·

334 215 337 217 >
380 202 632 232 θιίὶῐυιίίω.
648 201 1453 238 mnmpoeadqaomnnmmmemoeepem,
1471 200 1629 234 qun-asu
1647 200 1785 234 quiden

283 244 531 278 mene-dopna,
555 245 801 269 numerarer-ee
786 244 1402 278 εεωπιιοραισωιρουωωηαιεης
1423 251 1501 269 caua
1525 249 1785 277 ner-operum·-

268 272 795 320 ,φαίηοιιοδομίοάεὸοὶυωεω
819 282 1251 318 pumannum-emaum
1282 282 1447 309 id.:11.137
1473 282 1785 313 Quaen-cetae

282 329 314 351 ne
328 332 365 351 eu
380 323 491 350 dtur-eo
508 322 582 356 quod
597 322 636 349 od
650 324 808 351 manle-n
822 327 971 359 mm
982 324 1113 357 perant,
1130 322 1292 355 quamdiu
1309 323 1448 356 quiden·
1463 324 1524 349 dut
1539 323 1573 349 ιιι
1587 321 1721 357 σάφα..
1737 321 1784 355 fo-

282 364 372 395 nara,
389 366 588 390 utra-omn
603 372 718 389 numero
733 363 894 392 habant-r,
910 370 987 389 cun
1002 371 1086 389 vero
1101 365 1270 397 muchan
1285 363 1397 397 suerint
1413 363 1448 390 ab
1465 363 1703 398 adoptivam,
1719 368 1784 389 eune

230 413 233 416 ⁴
282 405 421 437 incisim
435 417 468 423 —-
484 403 517 429 cf.
535 403 598 430 Ood.
613 404 705 430 lustin.
720 404 742 430 1.
760 405 799 444 10,
814 405 839 430 2.
860 403 897 430 11.
913 403 954 434 13,
970 403 994 429 4.

284 461 313 494 4.
335 460 472 500 vulgaris
503 464 549 492 est
574 461 723 500 quidem
749 459 916 501 particulae
936 459 976 491 ad
993 469 1157 500 pronomen
1177 460 1336 492 relatimm
1355 460 1491 498 adiectio,
1510 459 1543 491 id
1563 462 1711 500 spectans,
1740 462 1784 497 ιιι,
1802 471 1843 499 ⁵2

139 519 217 550 quae
247 518 295 540 res
325 509 357 540 in
387 509 544 540 enunciato
575 509 717 549 primario
736 509 781 540 ita
801 506 1036 539 commemorata
1051 509 1091 539 sit
1110 509 1197 548 quasi
1218 519 1254 540 ea
1273 512 1338 540 ιοιο
1358 519 1466 548 genere
1486 511 1565 539 esset
1584 507 1786 547 intelligenda,

139 559 202 591 eius
232 558 360 600 speciem
388 558 478 591 modo
502 559 654 600 quandam
673 557 799 599 intelligi
818 559 983 599 appareat·
1024 556 1178 595 Quodcum
1210 556 1353 589 eiusmodi
1384 557 1549 589 sententiae
1568 555 1712 588 relativae
1731 565 1786 597 per

138 610 299 647 utrumque
317 607 400 638 verbi
419 607 540 638 modum
561 611 593 639 et
611 608 804 639 indicativum
824 610 856 638 et
875 606 1076 638 coniuntivum
1096 607 1194 639 efferri
1212 607 1335 646 soleant,
1355 607 1396 639 ad
1416 605 1690 644 demonstrandum,
1710 604 1785 646 quid

138 656 217 688 inter
247 665 298 688 eos
327 655 504 688 discriminis
533 655 739 694 intercederet,
759 654 925 695 Madvigius
945 655 985 686 ad
1005 655 1171 687 Sestianam
1191 660 1217 694 §-
1241 657 1299 688 140
1318 656 1428 696 aliique
1447 655 1591 686 nonnulla
1609 654 1786 692 attulerunt,

140 715 217 745 quae
236 705 309 736 mihi
329 715 383 736 nec
402 705 494 746 plana
514 706 588 737 satis
606 704 745 736 videntur
764 714 829 736 esse
846 714 910 743 nec,
930 707 1074 745 quantum
1094 715 1149 745 ego
1161 705 1316 746 perspicio,
1336 715 1415 738 vera.
1456 704 1532 737 Sunt
1547 707 1649 736 autem
1662 703 1703 736 ad
1718 713 1784 736 mo-

139 753 246 785 dorum
275 753 400 785 duorum
431 755 578 785 rationem
609 752 846 793 dignoscendam,
877 753 934 784 nisi
954 753 1052 784 omnia
1070 764 1119 785 me
1138 753 1254 792 fallunt,
1285 754 1362 785 duae
1381 754 1597 795 interpretandi
1615 753 1785 791 formulam,

139 813 217 843 quae
236 805 282 834 est
302 803 367 843 qui
387 802 556 843 quidem,
577 802 642 833 viae
662 801 818 838 ineundae,
838 812 964 842 quarum
985 802 1080 834 altera
1100 802 1216 834 directa
1235 803 1295 834 dici
1316 806 1423 844 potest,
1444 803 1541 834 altera
1560 813 1628 834 cum
1645 801 1785 834 anfractu

139 851 269 892 quodam
300 852 476 891 comparari.
528 851 609 888 Quas
630 850 751 890 quidem
769 851 943 891 priusquam
964 854 1169 889 monstremus,
1199 851 1230 882 id
1251 851 1432 882 monendum
1452 855 1504 889 est,
1535 852 1616 891 quod
1636 861 1727 892 supra
1746 851 1786 882 de

138 900 268 931 transitu
287 900 417 940 quodam
436 910 455 931 a
475 910 582 939 genere
602 900 642 930 ad
662 900 792 939 speciem
812 899 947 938 diximus,
967 900 1035 931 inde
1051 901 1082 931 in
1095 900 1342 942 interpretatione
1355 903 1482 940 utraque
1496 903 1527 931 et
1535 899 1784 940 proficiscendum

139 959 203 980 esse
233 952 264 980 et
292 959 328 981 eo
356 948 547 980 redeundum.
590 949 670 979 Hinc
697 958 779 979 om
793 949 984 988 prim-ipim,
1017 950 1074 980 lanc
1095 952 1179 993 refer
1198 952 1319 982 exitum.
1360 949 1464 980 Altera
1493 949 1584 988 igitur
1603 949 1652 980 via
1671 958 1708 979 ea
1727 951 1784 986 est,

139 1008 199 1039 qua
219 998 284 1039 qui
313 997 464 1039 quidem
494 997 622 1029 formula
646 996 727 1028 idem
746 996 844 1028 valeat
864 997 943 1037 quod
962 998 1024 1037 qui
1045 1008 1176 1030 eorum
1206 1017 1255 1029 —.
1286 997 1464 1038 Exemplum
1484 997 1553 1028 hoc:
1587 999 1710 1028 adortus
1740 1002 1784 1028 est

138 1049 271 1088 Ligures,
292 1050 345 1089 qn·
363 1049 481 1088 quidem
503 1049 585 1078 circa
606 1048 742 1078 Mamm
759 1048 876 1087 flavium
893 1048 1067 1081 incolebant
1108 1047 1209 1078 Livius
1229 1046 1291 1079 XL.
1312 1047 1361 1085 41,
1382 1048 1400 1078 3
1421 1047 1553 1087 scripsit.
1573 1048 1624 1087 φα·
1637 1057 1787 1078 eorun—

139 1097 305 1128 z'neolebaut
336 1096 385 1134 (cf.
407 1097 433 1137 ἓ
455 1097 516 1135 65).
570 1095 660 1127 Vides
691 1097 735 1127 ita
765 1096 885 1127 transiri
912 1105 931 1126 a
950 1105 1057 1135 genere
1076 1095 1117 1126 ad
1136 1096 1274 1136 speciem,
1305 1099 1340 1127 ιιι
1360 1096 1403 1126 rei
1423 1096 1454 1126 in
1475 1096 1623 1126 sententia
1641 1095 1785 1135 primaria

140 1145 318 1185 generaliter
338 1148 586 1176 commemoratae
606 1147 689 1176 certa
709 1144 856 1184 quaedam
875 1154 947 1184 pars
967 1143 1079 1175 directe
1101 1147 1131 1175 et
1150 1145 1325 1185 simpliciter
1345 1144 1505 1175 definiatur
1524 1143 1706 1175 secundaria
1736 1144 1786 1175 Ad

140 1203 231 1234 quam
250 1203 315 1224 rem
335 1193 547 1234 designandam
567 1196 656 1233 aptus
676 1193 768 1224 videri
786 1193 890 1224 debuit
909 1193 1092 1224 indicativus.
1134 1193 1197 1224 Nec
1217 1193 1381 1233 quidquam
1401 1192 1493 1224 refert
1506 1195 1608 1223 utrum
1620 1203 1786 1233 pronomen

138 1241 178 1273 ad
197 1242 344 1282 pluralem
362 1253 517 1273 numerum
537 1242 684 1282 respiciat,
705 1245 740 1272 ιιι
758 1242 789 1272 in
809 1241 953 1282 exemplo,
973 1241 1053 1281 quod
1074 1242 1171 1279 attuli,
1192 1252 1232 1273 an
1253 1241 1490 1282 adsingularem.
1532 1241 1589 1272 Hic
1606 1242 1787 1273 enimetiam

139 1290 357 1330 quodammodo
382 1290 538 1330 pluraliter
568 1290 666 1321 dictus
696 1290 790 1322 videri
808 1293 915 1330 potest.
967 1289 1144 1329 Exemplum
1173 1290 1231 1321 hoc
1252 1294 1311 1321 est:
1358 1292 1428 1321 Tuam
1448 1302 1488 1321 ez
1509 1294 1610 1332 quavis
1631 1293 1783 1329 concion,

138 1350 212 1379 qaae
232 1339 350 1379 quidem
370 1349 437 1369 vera
455 1343 538 1375 erat,
548 1340 655 1379 populi
673 1340 801 1370 Romam·
820 1349 971 1369 consensus
987 1340 1121 1378 perspice·
1137 1342 1240 1380 potuit
1257 1339 1287 1371 h.
1309 1350 1334 1372 e.
1355 1350 1432 1380 quae
1449 1340 1623 1370 concionum
1633 1348 1704 1370 vera
1713 1341 1787 1377 erat,

138 1397 175 1418 ex
196 1397 232 1418 ea
250 1405 292 1410 —
311 1387 439 1427 perspici
458 1388 558 1427 potuit
589 1394 639 1425 (ex
659 1388 795 1419 omnibus
815 1387 1013 1424 concionibus,
1033 1397 1111 1426 quae
1132 1397 1236 1418 earum
1257 1392 1321 1425 -).
1373 1387 1475 1418 Altera
1494 1386 1710 1428 interpretandi
1729 1387 1788 1425 via,

138 1446 227 1476 quem
247 1445 338 1476 supra
357 1435 526 1467 anfractum
545 1431 671 1477 intelligi
692 1436 846 1475 voluimus,
867 1446 903 1467 ea
923 1438 969 1466 est
983 1438 1019 1466 ut
1038 1436 1102 1475 qui
1122 1436 1279 1476 quidem
1298 1436 1378 1467 idem
1390 1436 1508 1467 valeant
1520 1436 1566 1467 vel
1579 1435 1674 1476 qnod:
1695 1435 1787 1466 talis

138 1484 284 1525 quidem
303 1487 355 1523 ut,
376 1484 443 1516 sed
464 1484 557 1516 talis
577 1488 629 1524 ιιι,
649 1485 696 1517 vel
709 1485 805 1526 quodz
825 1485 882 1516 ita
902 1483 1051 1524 quidem
1071 1487 1119 1523 ut,
1141 1485 1284 1516 sedita
1304 1488 1352 1517 ut.
1395 1486 1481 1516 Findi
1493 1484 1785 1526 igiturrursushaec

137 1534 187 1564 via
205 1534 236 1564 in
255 1533 331 1564 duas
350 1533 475 1571 videtur,
495 1534 539 1564 ita
558 1533 625 1565 illas
646 1534 766 1574 quidem
786 1533 975 1574 separandas,
993 1536 1028 1564 ut
1047 1534 1129 1573 prior
1148 1535 1357 1574 interpretatio
1377 1534 1583 1575 amplectenda
1602 1537 1650 1572 sit,
1670 1534 1696 1565 si
1716 1543 1786 1574 pro-

138 1591 247 1613 nomen
275 1581 316 1612 ad
345 1582 510 1613 sententiae
539 1583 700 1622 primariae
730 1593 835 1614 nomen
863 1581 985 1622 aliquod
1004 1591 1116 1621 negans
1135 1582 1275 1623 idemque
1294 1587 1349 1615 aut
1369 1583 1534 1615 subiectum
1554 1585 1608 1614 aut
1628 1582 1787 1620 obiectum,

138 1631 218 1672 quod
239 1631 356 1669 dicitur,
376 1633 412 1662 ut
431 1641 549 1669 nemo,
569 1631 713 1670 nullus,
734 1632 831 1662 nihil
851 1631 1017 1670 similiaque
1038 1633 1092 1662 aut
1111 1631 1151 1662 ad
1171 1632 1416 1672 interrogativum
1435 1632 1477 1663 ibi
1498 1631 1601 1663 eodem
1621 1631 1785 1663 feresensu

136 1681 267 1721 positum
296 1679 450 1718 referatur,
481 1680 584 1719 altera,
615 1680 640 1711 si
667 1680 816 1720 pertineat
845 1680 885 1711 ad
905 1681 1068 1712 sententiae
1088 1681 1249 1720 primariae
1269 1681 1482 1721 praedicatum,
1512 1681 1592 1721 quod
1609 1680 1787 1720 appellatur.

137 1727 282 1768 Exempla
301 1727 376 1759 haec
396 1731 479 1760 sunt:
500 1729 604 1768 Nemo,
626 1731 678 1769 qm·
696 1730 815 1769 quidem
835 1732 1026 1761 auctoritatis
1043 1732 1118 1772 qnid
1131 1731 1260 1767 haberet,
1283 1734 1388 1761 contra
1401 1731 1484 1760 dia-ie
1504 1730 1568 1762 h.e.
1589 1729 1692 1766 Nemo,
1712 1729 1783 1761 talis

138 1777 258 1817 quidem
275 1780 310 1808 ut
331 1794 370 1800 —
390 1776 523 1815 haberet,
544 1777 646 1816 Nemo,
668 1778 721 1809 sed
741 1777 810 1809 talis
830 1778 895 1817 (sed
916 1788 984 1810 eum
1003 1779 1128 1819 intelligi
1149 1778 1217 1809 volo
1237 1779 1289 1818 qui
1309 1778 1399 1809 fuerit
1418 1778 1502 1816 talis)
1522 1781 1557 1809 ut
1582 1795 1621 1802 —
1651 1777 1785 1810 haberet.

136 1825 266 1857 Deindex
287 1825 418 1856 Pericles
439 1830 587 1857 oratorum·
607 1828 823 1867 antiquissimus
839 1830 913 1867 ficit,
934 1830 986 1869 qui
1005 1829 1123 1868 quidem
1142 1829 1260 1866 scripta
1280 1827 1472 1867 reliqua-ah.
1485 1837 1509 1857 e.
1520 1827 1564 1857 ita
1574 1826 1693 1866 quidem
1707 1826 1785 1857 anti-

137 1875 296 1915 quissimus
315 1877 350 1905 ut
367 1892 408 1898 —
428 1874 591 1915 reliquerit.
642 1876 741 1916 Atque
760 1876 836 1907 haec
855 1877 984 1917 quidem,
1014 1887 1091 1917 quae
1112 1875 1182 1914 dixi,
1212 1875 1252 1907 ad
1272 1885 1378 1907 causas
1398 1875 1589 1916 explicandas
1609 1874 1785 1906 videbantur

136 1923 311 1962 necessaria,
340 1933 394 1954 cur
419 1924 451 1954 in
471 1924 637 1955 enunciatis
655 1923 785 1955 formula
804 1925 866 1964 qui
888 1925 1036 1964 quidem
1054 1925 1183 1956 inductis
1203 1925 1298 1964 iisque
1318 1928 1482 1956 sententiae
1502 1924 1661 1965 primariae
1681 1924 1781 1964 aliquo

136 1971 226 2004 modo
257 1972 436 2004 coercendae
465 1972 693 2004 inservientibus
721 1975 752 2004 et
771 1973 947 2005 indicativus
968 1977 999 2005 et
1019 1973 1222 2005 coniunctivus
1241 1973 1356 2013 positus
1375 1973 1564 2004 inveniretur.
1604 1972 1782 2003 Addendum

138 2023 192 2058 est,
210 2021 242 2051 id
263 2030 363 2059 genus,
383 2020 464 2059 quod
484 2021 613 2052 secundo
633 2021 699 2053 loco
719 2022 882 2060 attulimus,
902 2023 964 2054 tale
984 2033 1056 2061 esse,
1080 2025 1116 2053 ut
1134 2023 1165 2053 in
1185 2032 1220 2053 eo
1241 2023 1433 2054 indicativum
1453 2022 1588 2054 adhiberi
1607 2031 1667 2053 non
1686 2020 1784 2060 liceat,

136 2067 264 2099 alterum
283 2071 385 2099 autem
403 2068 478 2098 illud
498 2068 567 2107 tale,
598 2071 634 2099 ut
652 2069 684 2099 in
705 2070 860 2100 sententiis
881 2071 1089 2101 connectendis
1110 2071 1135 2101 si
1155 2071 1254 2101 animo
1274 2074 1306 2101 et
1325 2071 1504 2109 cogitatione
1523 2070 1661 2101 anfractu
1680 2071 1781 2109 potius

136 2126 228 2158 quam
247 2119 332 2149 recta
351 2117 400 2149 via
419 2117 464 2150 uti
483 2116 632 2156 malueris,
660 2127 717 2159 pro
747 2118 907 2151 indicativo
926 2117 1014 2151 facile
1035 2118 1126 2151 etiam
1146 2118 1350 2152 coniunctivus
1368 2118 1488 2150 admitti
1506 2118 1608 2159 possit.
1649 2116 1727 2149 Nam
1747 2121 1783 2149 ιιι

136 2165 176 2197 ad
203 2166 372 2207 exemplum
398 2166 561 2205 redeamus,
592 2167 672 2207 quod
691 2167 821 2207 primum
840 2169 1000 2209 posuimus,
1020 2169 1105 2200 licuit
1124 2168 1166 2200 ibi
1200 2170 1330 2209 Equi-es,
1351 2170 1403 2209 qua·
1419 2170 1536 2209 quidm
1558 2186 1598 2192 -—
1617 2168 1779 2200 molem-t

136 2215 554 2247 eosensuscribiutesset:
576 2217 1092 2257 &lapidant—incolerent,
1114 2214 1396 2248 siveeedtalesut
1429 2218 1647 2251 -ineokmt

283 2263 464 2301 Quantum
484 2264 636 2304 quidem
656 2265 683 2296 si
701 2265 891 2298 inveniuntur
910 2266 1077 2304 coniuncta,
1098 2265 1178 2306 quod
1195 2275 1265 2297 raro
1285 2265 1328 2304 fit,
1348 2265 1388 2297 ad
1402 2265 1597 2298 coercendam
1608 2268 1785 2298 totamsen-

135 2312 262 2344 tentiam
276 2312 462 2352 primariam,
482 2322 543 2344 non
562 2323 670 2344 nomen
691 2314 754 2345 eius
774 2313 870 2345 solum
890 2313 1052 2346 conferunt.
1094 2314 1291 2354 Subsequitur
1310 2314 1487 2346 indicativus
1509 2315 1607 2356 (0125.
1630 2317 1691 2356 66).
