1984 2597
291 173 317 205 1.
338 171 382 203 Ao
402 172 533 212 primum
552 170 674 211 quidem
693 172 971 204 commemorandae
991 172 1132 203 videntur
1151 181 1218 203 esse
1231 170 1388 202 Plautinae
1408 170 1494 208 duae,
1515 180 1593 210 quae
1613 172 1684 201 sunt
1703 168 1805 201 adeo

142 219 227 251 dum
248 223 279 251 et
298 220 391 252 adeo
411 220 602 257 donicum,
623 229 750 259 quarum
770 220 893 252 alterius
913 221 994 252 illius
1019 221 1189 253 inversione
1210 219 1340 260 quadam
1360 219 1527 260 particulae
1547 219 1799 250 demonstrativae

140 267 223 300 faeta
242 269 357 300 exstitit
377 278 417 300 eo
437 267 588 306 addum,
610 277 687 308 quae
707 271 753 299 est
773 270 898 309 Apuleii.

383 349 472 375 Plaut.
487 349 596 375 mercat.
613 348 635 375 1.
652 350 674 380 1,
691 349 736 376 74:
754 358 857 385 aqrum
873 359 903 377 se
918 350 1079 377 vendidisse
1095 352 1181 384 aeque
1197 358 1231 376 ea
1244 351 1368 385 pecunia
1377 351 1474 376 nanim
1481 357 1597 382 parasse
1614 350 1699 382 atque
1715 355 1800 382 eapse

289 399 395 417 meroes
419 393 559 416 vectatum
584 389 707 423 undique
731 390 815 416 adeo
840 389 934 421 dum,
960 397 1033 424 quae
1059 393 1121 416 tum
1138 389 1259 423 habent,
1282 392 1438 425 peperisset
1460 389 1539 416 bona.
1580 388 1634 415 ibd.
1651 389 1699 415 111.
1715 390 1739 419 4,
1756 389 1803 414 71:

288 433 395 465 quanto
416 433 444 456 te
465 431 571 456 satiust
592 427 642 456 rus
663 431 760 465 altquo
780 431 865 462 abire,
887 430 1012 461 iorem,
1034 430 1075 456 m
1097 432 1189 456 vivere
1208 429 1292 456 adeo
1313 430 1393 456 dum
1410 431 1492 456 mm
1508 433 1536 456 te
1553 429 1698 464 cupiditas
1715 433 1802 463 atque

289 479 370 498 amor
385 473 506 497 minum
520 470 615 504 fao-tt?

386 512 421 537 id.
438 512 559 537 Pseudol.
576 512 620 538 IV.
637 513 661 543 7,
677 513 723 539 73:
742 512 960 547 Explorator-en
976 511 1203 545 bunofaciamue
1211 511 1293 537 ludos
1302 513 1521 546 supposititium
1537 510 1623 537 adeo
1640 511 1801 538 donicum

289 553 368 586 ipsus
385 560 444 578 sese
459 552 541 578 ludos
556 552 623 585 fier-1
639 554 765 579 :mer-tt.

386 592 462 626 Apul.
479 592 511 619 de
526 592 615 627 Magia
631 602 656 627 p.
674 593 719 619 311
737 592 838 621 Alteb.:
856 593 950 626 Quam
958 593 1150 620 conditionem
1166 601 1231 620 cum
1248 592 1386 619 obstinate
1391 593 1571 627 propositam
1579 592 1687 619 videret
1695 592 1801 618 mulier·

288 635 402 668 sapiens
418 637 446 658 ee
462 636 570 668 cyr-equ
583 636 651 667 pta.-
666 642 700 658 ne
717 634 787 666 quid
798 634 876 666 'filiis
891 636 953 660 suis
969 642 1001 659 eo
1017 636 1130 660 nomine
1148 633 1380 663 incommodaret,
1398 633 1472 665 facit
1480 633 1594 666 quidem
1603 633 1715 659 tabulas
1723 641 1800 667 nup-

289 673 375 699 nates
389 680 453 699 cum
470 681 524 706 quo
540 672 697 703 iubebatur,
713 681 780 698 eun
796 672 906 700 &ardo
923 674 1016 705 Claro,
1040 681 1139 700 verum
1155 675 1232 699 enim
1249 681 1313 698 ver-o
1329 674 1410 698 vonis
1426 672 1664 705 frustrationibus
1681 674 1800 706 nuptias

290 713 381 740 eludit
397 721 435 739 eo
452 713 581 739 addunt
594 721 749 748 puerorum
765 721 835 740 avus
850 715 916 749 fato
932 716 1077 745 vomuit,
1094 715 1205 741 nicom
1220 713 1293 747 filiis
1309 714 1371 739 etus
1392 712 1545 739 beream.

290 787 318 818 2.
339 786 453 817 Deinde
474 787 547 818 satis
567 787 641 818 trita
661 786 781 826 quidem
800 786 929 817 formula
949 789 996 817 est
1016 785 1212 816 Ciceroniana
1226 787 1301 820 tam
1319 784 1383 815 diu
1403 784 1503 823 dum,
1523 784 1549 815 si
1565 784 1684 824 quaeris
1697 787 1801 815 tamen
1817 788 1860 815 14.

142 833 319 875 diligentius,
340 835 385 866 ita
405 835 467 867 eius
488 846 559 867 usus
579 836 728 876 reperitur
749 838 909 873 coartatus,
930 838 966 866 ut
985 835 1048 866 fere
1069 834 1180 874 ubique
1201 834 1345 873 temporis
1366 833 1457 873 spatii
1475 832 1690 872 longitudinem
1711 832 1802 872 signi-

141 883 219 923 ficet,
249 895 304 925 per
333 884 413 924 quod
443 885 522 916 actio
553 885 696 925 primaria
716 884 895 916 extendatur
925 887 970 923 (so
991 883 1080 924 lange
1100 883 1167 922 als).
1210 882 1296 920 Quae
1316 882 1421 914 eadem
1441 882 1519 914 ratio
1539 885 1585 913 est
1604 881 1802 914 formularum

140 935 218 963 tam
238 932 302 963 diu
323 942 433 972 quam
455 933 514 964 Cic.
535 933 619 965 Brut.
651 936 675 970 1,
696 934 717 965 4
743 936 773 963 et
792 936 870 964 tam
892 934 971 970 diu,
997 932 1183 972 quamdiu
1210 932 1270 963 Cic.
1292 932 1390 963 Pison.
1412 932 1461 969 28,
1489 932 1538 962 68.
1570 931 1654 963 Verr.
1671 931 1708 963 11.
1731 931 1754 963 1.
1775 933 1803 968 9,

141 981 191 1014 25.
218 980 331 1015 Colum.
354 981 400 1020 12,
421 981 468 1014 21.
488 981 546 1012 nisi
565 981 645 1021 quod
665 991 768 1012 earum
789 991 868 1018 usus⁷
889 981 941 1020 qui
951 981 1011 1011 hue
1020 980 1180 1020 pertineat,
1201 980 1323 1011 omnino
1334 979 1434 1010 nullus
1443 979 1563 1010 videtur
1578 989 1651 1011 esse.
1693 978 1804 1010 Tam-

142 1028 207 1060 diu
227 1046 267 1054 —-
289 1030 415 1069 quoad
435 1040 507 1059 num
528 1040 660 1069 unquam
680 1030 712 1060 in
732 1040 824 1060 unum
846 1029 1021 1065 coaluerint,
1042 1028 1179 1067 quaestio
1200 1032 1255 1060 est.
1298 1028 1469 1068 Separatim
1489 1028 1610 1068 quidem
1623 1028 1722 1068 posita
1738 1038 1804 1059 sae-

141 1077 208 1117 pius
227 1077 418 1108 inveniuntur
438 1077 497 1109 Cic.
520 1077 575 1108 Off.
596 1077 622 1111 1.
647 1079 672 1116 1,
694 1078 722 1111 2.
744 1078 819 1118 Nep.
840 1079 901 1108 Att.
925 1077 971 1115 11,
993 1078 1011 1108 5
1033 1077 1081 1115 al„
1113 1077 1167 1108 sed
1187 1077 1296 1114 Selino,
1328 1077 1409 1116 quod
1429 1077 1530 1114 sciam,
1561 1076 1649 1107 unico
1670 1079 1803 1116 excepto,

141 1135 202 1157 non
222 1125 280 1157 nisi
300 1135 388 1157 sensu
414 1136 433 1157 a
451 1136 484 1157 re
506 1129 608 1157 nostra
634 1126 732 1157 alieno
753 1127 812 1165 illo,
840 1136 930 1167 quem
951 1126 1022 1157 dixi
1072 1126 1194 1157 Orosius
1225 1126 1312 1166 quasi
1338 1125 1458 1157 cumulo
1486 1125 1618 1166 quodam
1637 1124 1742 1156 addito
1763 1124 1804 1156 ad

142 1174 388 1213 coniunctionem,
409 1175 487 1206 inter
507 1185 539 1206 se
559 1176 739 1215 respondere
759 1176 852 1206 voluit
871 1176 957 1206 haec:
988 1175 1140 1207 tamdiu
1159 1194 1202 1199 —-
1221 1174 1489 1215 quoadusque,
1520 1184 1611 1214 quem
1631 1184 1719 1205 usum
1740 1174 1803 1205 iam

143 1223 175 1254 in
205 1223 357 1263 superiore
387 1223 588 1263 disputatione
619 1225 726 1264 attingi
758 1225 925 1265 oportuisse
955 1224 1022 1254 aliis
1042 1224 1130 1254 facile
1149 1224 1244 1254 videri
1263 1224 1368 1263 possit.
1411 1223 1552 1253 Ceterum
1572 1223 1664 1260 locus,
1697 1232 1757 1262 quo
1777 1223 1806 1254 is

144 1271 358 1312 comprobatur
378 1272 481 1312 (semel
502 1273 581 1304 enim
601 1273 653 1305 illa
673 1274 824 1314 leguntur)
844 1274 914 1305 talis
934 1276 987 1311 est,
1015 1283 1075 1304 non
1095 1276 1130 1304 ut
1150 1276 1280 1313 spatium
1300 1272 1452 1312 temporis,
1472 1271 1526 1302 sed
1547 1272 1692 1302 terminus
1711 1272 1803 1311 signi-

143 1319 257 1352 ficetur.
298 1320 453 1352 Postremo
475 1321 512 1353 de
532 1323 747 1361 particularum
764 1326 838 1354 tam
859 1323 923 1354 diu
944 1323 1065 1353 donec
1081 1333 1141 1354 vusu
1161 1325 1192 1353 et
1212 1321 1425 1354 consuetudine
1445 1319 1593 1361 quidquid
1613 1319 1645 1352 et
1664 1320 1804 1352 Handius

144 1369 264 1399 dictitat
284 1372 314 1400 et
334 1369 543 1409 lexicographi,
564 1380 620 1400 neo
640 1371 809 1401 iunctarum
829 1381 933 1401 earum
963 1371 1099 1410 exempla
1119 1371 1216 1401 habeo
1236 1381 1292 1401 nec
1311 1371 1365 1407 ita,
1395 1373 1431 1400 ut
1450 1370 1526 1401 alias
1546 1370 1683 1408 vidimus,
1715 1379 1801 1409 sepa-

143 1419 287 1450 murum.
329 1416 416 1455 Quod
436 1417 536 1449 neseio
556 1428 597 1449 an
616 1418 802 1460 indiligentia.
815 1428 884 1451 nea
901 1418 1053 1450 acciderit.

386 1490 521 1517 Formulae
537 1492 603 1516 tam
621 1491 676 1517 diu
693 1491 762 1516 dum
779 1491 806 1516 in
822 1491 930 1532 Tursell.
952 1491 987 1517 Π.
1004 1492 1053 1518 316
1069 1492 1192 1518 nonnulla
1210 1493 1325 1526 exempla
1342 1494 1486 1519 afferuntur
1503 1501 1533 1519 ex
1550 1493 1674 1519 Cicerone
1690 1495 1804 1526 sumpta,

290 1538 356 1564 quae
372 1532 458 1557 tamen
475 1532 559 1558 omnia
577 1531 608 1557 ab
625 1531 674 1557 hoc
689 1532 745 1557 loco
762 1531 919 1557 excludenda
935 1533 1003 1557 sunt.
1043 1531 1110 1557 Mihi
1131 1532 1235 1565 quidem
1256 1541 1336 1559 unum
1351 1535 1442 1560 notum
1465 1536 1506 1559 est
1530 1534 1580 1559 hnc
1595 1534 1763 1559 referendum
1778 1542 1807 1566 p,

289 1571 382 1598 Flacco
400 1573 439 1603 17,
456 1573 503 1598 41:
520 1571 619 1599 Flacco
636 1580 699 1598 vero
718 1571 788 1606 quid
800 1572 923 1606 profuit,
940 1573 990 1606 qut
1005 1571 1097 1598 valuit
1113 1575 1186 1599 tam
1201 1572 1264 1599 dtu
1280 1573 1361 1600 dum
1376 1573 1431 1600 huc
1446 1574 1585 1609 prodiret,
1605 1578 1735 1601 ntor-tuus
1751 1578 1802 1604 eet,

289 1613 387 1638 aculeo
403 1614 464 1638 tam
479 1615 582 1638 emtam
599 1621 632 1638 ac
648 1613 723 1638 dieto
740 1612 922 1638 testimonio?

388 1652 461 1684 Quod
481 1653 622 1683 tamdiu,
648 1652 798 1685 quamdiu
820 1660 872 1677 non
893 1654 1050 1685 usurpantur
1074 1653 1123 1678 nisi
1149 1653 1183 1678 ad
1199 1654 1311 1686 spatium
1327 1655 1451 1687 temporis
1467 1654 1664 1687 designandum,
1689 1656 1802 1681 melioris

289 1693 367 1718 notae
383 1693 520 1726 scriptores
537 1694 558 1719 si
575 1694 686 1726 spectas,
711 1692 786 1719 facile
812 1694 1011 1720 consentaneum
1027 1693 1110 1720 videri
1126 1695 1221 1728 potest.
1253 1694 1294 1720 Ab
1312 1695 1395 1721 altero
1412 1695 1480 1721 enim
1496 1696 1541 1721 illo
1559 1704 1615 1727 usu,
1633 1703 1709 1729 quem
1725 1703 1802 1729 quao-

291 1733 379 1764 rimu3‚
395 1734 544 1766 particulae,
561 1742 626 1766 quae
643 1735 684 1759 est
699 1733 866 1767 quamdiu,
891 1735 943 1759 vim
959 1735 986 1759 et
1001 1735 1122 1761 naturam
1137 1735 1215 1768 plane
1233 1735 1373 1761 abhorrere
1389 1737 1445 1762 iure
1461 1744 1491 1762 ac
1506 1738 1599 1762 merito
1616 1737 1718 1762 dixeris.
1750 1737 1801 1762 Re-

290 1773 417 1798 centiens
428 1775 514 1799 tamen
530 1774 667 1807 scriptores
684 1774 752 1807 quod
768 1774 809 1800 his
826 1782 853 1800 se
870 1774 963 1800 finibus
979 1775 1147 1806 incluserunt,
1162 1775 1227 1800 satis
1243 1776 1333 1801 mirari
1344 1784 1395 1802 non
1406 1785 1480 1810 queo.
1512 1777 1595 1803 Iidem
1606 1778 1675 1803 enim
1693 1785 1804 1810 quam-

290 1813 344 1839 diu
360 1814 502 1847 particulae
518 1822 706 1848 nonnumquam
723 1823 779 1841 esse
796 1815 906 1841 alteram
921 1815 994 1841 illam
1010 1814 1141 1841 notionem
1158 1815 1294 1842 voluerunt
1312 1818 1338 1843 et
1350 1817 1442 1849 nudae,
1459 1815 1489 1844 ut
1498 1818 1647 1844 Ammianus
1665 1817 1708 1852 (cf.
1718 1819 1742 1851 §-
1752 1818 1803 1851 17),

291 1855 318 1879 et
334 1862 370 1880 eo
387 1862 487 1887 usqne
508 1855 633 1881 formulae
654 1856 696 1881 vel
712 1857 848 1882 intervallo
866 1855 976 1888 quodam
993 1856 1175 1888 respondentis
1192 1857 1233 1882 vel
1250 1858 1328 1884 etiam
1345 1859 1489 1890 adiunctae,
1515 1862 1545 1885 ut
1561 1859 1667 1885 Orosius
1684 1862 1712 1886 et
1727 1860 1802 1886 Lam-

288 1894 396 1927 pridius.
428 1895 472 1927 (cs.
488 1895 512 1927 5.
529 1896 579 1928 10.)

388 1934 467 1962 Belin.
485 1936 508 1967 1,
524 1936 558 1962 80
574 1936 704 1963 Mommm
735 1945 829 1972 reqem
852 1935 1023 1962 Antiochum
1048 1935 1184 1964 Artemon
1209 1938 1329 1972 quidam
1353 1948 1368 1964 ε
1390 1940 1470 1974 plebe
1496 1939 1643 1974 Syricum
1667 1944 1709 1968 sic
1725 1942 1802 1975 fode

290 1976 404 2002 aemula
419 1975 614 2009 mentiebatur,
631 1980 664 2003 ue
679 1976 859 2011 postmodum
876 1975 998 2002 Laoatoe
1015 1985 1090 2003 uxor
1105 1981 1192 2013 nyso,
1209 1979 1314 2006 obtecto
1325 1980 1465 2014 popular-e
1473 1983 1538 2012 iseo,
1554 1982 1696 2008 tamdiu
1713 1982 1800 2008 atui-

292 2018 444 2044 muana-u
460 2017 627 2052 defunctum
643 2020 789 2048 maritum,
807 2017 922 2052 quoad
938 2025 975 2043 ex
991 2017 1134 2045 arbitratu
1150 2020 1212 2045 etus
1228 2022 1310 2055 requi
1326 2029 1469 2047 successor
1484 2022 1674 2050 ordinantur.

388 2058 462 2085 Oros.
478 2059 501 2090 3,
519 2060 565 2086 16:
582 2059 720 2085 tumdtu
736 2062 878 2085 certamen
894 2066 999 2092 aucep!
1015 2057 1083 2091 fuit,
1101 2060 1331 2094 quoadusque
1347 2060 1460 2096 fuqmt
1477 2060 1596 2090 Darius.

290 2132 319 2164 3.
339 2131 416 2163 Tum
434 2132 587 2171 formulae,
609 2142 686 2172 quae
706 2134 776 2163 sunt
795 2131 994 2171 tantisper
1013 2130 1097 2161 dum
1119 2133 1151 2162 et
1177 2133 1380 2172 tantisper
1400 2133 1524 2173 quoad
1542 2133 1690 2174 solivagae
1711 2135 1800 2168 modo
1818 2139 1861 2165 15.

144 2182 312 2212 occurrunt.
353 2180 394 2211 In
414 2184 569 2212 tantum
599 2199 638 2204 —
671 2181 790 2211 donec
820 2179 986 2218 similiaque
1011 2189 1084 2210 num
1105 2180 1197 2211 etiam
1216 2181 1414 2212 formularum
1433 2183 1530 2213 instar
1550 2186 1804 2224 coagmententur,

143 2227 251 2259 neseio.
292 2227 423 2260 Laxiora
443 2229 564 2269 quidem
583 2229 807 2261 necessitudinis
828 2227 946 2260 vincula
966 2237 1031 2259 esse
1050 2228 1129 2258 inter
1149 2228 1416 2261 demonstrativam
1436 2230 1520 2262 illam
1540 2234 1659 2271 partem
1679 2236 1711 2264 et
1730 2243 1804 2265 oon-

142 2277 324 2309 iunctionem
345 2277 511 2310 Columella
530 2278 623 2310 voluit
643 2281 674 2310 et
693 2279 737 2309 ita
757 2281 792 2309 ut
810 2277 869 2309 loci
889 2276 1039 2317 quaedam
1059 2277 1231 2309 terminatio
1252 2278 1478 2318 significaretur.
