1984 2597
101 1332 142 1358 59.

966 126 1020 162 44

310 219 443 245 habendus
460 220 502 245 sit.
520 219 573 245 Cic.
590 220 662 246 Fam.
679 220 711 247 X.
727 221 767 252 24,
784 221 812 247 4:
829 228 916 254 neque
932 220 982 246 tue
998 222 1155 247 incer-nunt
1169 220 1315 259 affin-mm
1331 228 1361 246 se
1377 222 1438 247 :tue
1454 229 1536 247 mora
1551 223 1660 253 omre,
1681 230 1748 248 cun
1765 223 1820 248 {n-

310 261 408 285 teria
425 268 555 286 ameum
571 261 656 287 illum
671 261 707 287 ab
722 261 775 288 luae
791 263 953 297 cogitatione
969 260 1008 287 ad
1023 260 1085 287 alia
1101 261 1220 288 comitia
1237 259 1316 286 video
1333 269 1363 287 se
1379 261 1539 289 commisce.
1571 261 1607 288 id.
1622 261 1711 288 Pison.
1723 262 1768 294 ⁴38,
1779 263 1820 290 93.

310 299 368 326 an.
385 300 452 326 Max.
469 299 513 326 IV.
529 301 554 332 4,
571 302 595 327 1.
628 301 696 328 Plin.
713 311 753 336 ep.
769 302 817 328 111.
833 303 857 333 7,
875 302 905 327 11
924 303 951 327 ot
967 301 1007 332 16,
1024 301 1063 327 13.
1096 301 1169 327 Vm.
1185 302 1224 332 14,
1243 301 1283 327 13.
1315 300 1424 333 Quintil.
1440 301 1462 328 I.
1487 303 1512 333 ⁸2,
1533 302 1557 329 3.
1589 302 1624 329 Π.
1640 303 1680 334 12,
1702 303 1719 330 2
1736 305 1764 330 et
1779 304 1820 330 11.

309 340 341 367 Χ.
366 342 390 372 1,
416 342 448 368 18
473 343 500 367 et
525 342 571 367 111
601 342 645 375 (cf.
662 343 762 377 Zumpt.
779 343 850 369 Τοιιι.
865 342 896 368 V.
912 350 937 375 p.
958 342 1026 375 411).
1058 341 1147 368 Senee.
1164 349 1202 376 ep.
1219 342 1240 368 1.
1258 342 1280 373 1,
1298 342 1322 368 3.
1356 341 1388 368 ad
1405 341 1528 369 Marciam
1544 343 1583 374 11,
1600 344 1624 370 3.
1657 342 1821 371 Coniunctivi

310 383 425 416 exempla
441 385 512 409 sunt:
529 382 582 409 Cic.
599 392 625 417 p.
642 384 713 411 Sulla
729 386 752 416 5,
770 385 815 411 16:
840 384 908 418 qum
922 389 981 409 tam
997 384 1175 409 coniunctum
1190 391 1275 417 quam
1291 382 1341 409 tue
1357 391 1416 409 cnm
1434 382 1577 410 Catilina?
1599 392 1663 411 cum
1680 383 1820 411 lentulo?

309 432 378 449 cum
396 426 534 450 interim
554 423 637 451 Sulla
654 434 714 451 cum
731 426 834 451 iisdem
851 425 912 451 mss
933 438 966 443 -
987 433 1023 450 ne
1039 424 1177 450 masam
1194 423 1302 456 quiden
1324 431 1449 449 sermm
1465 429 1493 450 et
1507 432 1655 459 mqreseu
1671 426 1819 460 contume-

309 467 395 491 retur.
428 464 462 489 id.
479 464 567 490 Pison.
584 466 608 496 4,
632 466 655 491 9.
688 466 727 491 De
754 465 853 491 infinito
879 464 1005 491 formulae
1033 464 1122 490 addito
1150 463 1183 490 cf.
1210 462 1338 489 anenb.
1366 464 1393 489 et
1419 463 1564 490 Alsehefsk.
1592 464 1625 491 ad
1648 465 1703 491 Liv.
1730 467 1770 497 51,
1794 466 1820 492 4.

309 504 453 530 Alschefsk.
471 504 504 530 ad
520 505 576 531 Liv.
594 505 637 532 VI.
656 508 694 538 11,
720 508 744 533 4.
777 506 906 539 Ceterum,
932 507 1061 539 utcunque
1079 506 1110 532 de
1126 505 1209 532 modis
1234 504 1345 536 iudicas,
1370 503 1445 530 nobis
1470 505 1581 538 quidem,
1607 506 1757 533 examinatis
1779 506 1820 532 his

309 546 436 578 exemplis,
455 553 520 578 quae
536 548 622 578 attuli,
639 548 795 574 intellexisse
813 548 933 581 aliisque,
956 548 978 572 si
995 555 1026 572 es
1042 546 1194 579 diligentius
1210 547 1326 572 excutere
1342 545 1483 577 voluerint,
1506 546 1694 574 demonstrasse
1714 546 1819 578 sufficit,

309 585 398 611 abesse
414 585 498 611 videri
514 586 581 612 hanc
598 587 734 613 formulam
757 596 772 613 a
793 596 821 613 re
837 589 927 613 nostra
948 587 1107 619 longissime.
1139 587 1232 612 Nullus
1254 586 1321 611 enim
1342 585 1444 611 illorum
1465 586 1537 611 locus
1557 588 1611 618 est,
1633 595 1684 620 quo
1706 594 1763 612 eam
1785 586 1820 612 ed

306 626 455 658 primariam
480 627 609 653 actionem
633 628 798 654 coercendam
814 625 930 654 conferre
947 627 1009 660 quid
1025 626 1077 652 dici
1092 627 1182 658 liceat,
1207 627 1257 652 imo
1274 633 1360 652 omnes
1377 625 1509 656 eiusmodi,
1533 627 1564 651 ιιι
1587 625 1667 652 verba
1688 626 1767 652 etiam
1789 633 1819 651 ea

308 665 363 691 fere
380 667 613 699 comprehensione,
631 676 682 701 qua
698 670 760 695 etsi
777 684 807 687 —
825 670 928 694 tamen
944 669 1012 694 inter
1031 676 1059 693 se
1075 669 1270 701 opponerentur,
1286 666 1362 692 facile
1378 666 1493 699 potuisse
1510 665 1634 692 devinciri
1652 667 1784 700 appareat.

404 706 477 732 Idem
494 707 564 733 cadit
581 708 608 733 in
623 707 764 739 formulam,
781 716 845 741 quae
862 710 902 733 est
919 716 984 734 cum
1001 709 1147 739 interea,
1165 708 1197 734 ab
1214 707 1316 734 Handio
1332 707 1382 733 111.
1397 707 1446 733 417
1462 706 1574 732 strictim
1590 707 1819 732 commemoratam

309 745 439 780 Congruit
455 755 512 773 cum
528 749 667 782 superiore,
684 749 737 774 sive
753 749 882 774 notionem
904 749 1006 784 spectas
1022 748 1077 774 sive
1099 748 1322 774 constructionum.
1354 747 1482 781 Exemplis
1503 746 1601 773 Handii
1623 746 1721 773 dnobus
1744 745 1818 773 addi-

310 795 380 813 mus:
398 787 451 814 Cic.
468 788 541 814 Fam.
557 789 606 814 111.
618 790 641 821 6,
659 790 687 815 5:
704 798 788 823 eoque
804 790 842 815 ad
858 796 883 815 ee
900 788 1011 814 tardius
1027 790 1140 823 scripsi,
1157 788 1228 822 quod
1245 788 1365 823 quondm
1381 795 1406 815 te
1423 790 1511 823 Ipsum
1530 786 1730 823 exspectabam,
1747 795 1817 813 cum

309 830 449 855 interea
466 838 502 855 ne
518 830 617 856 literas
635 830 834 863 quide-nullas
850 831 960 864 accepi,
984 838 1053 862 quae
1070 838 1111 855 me
1128 830 1271 861 docerent,
1294 830 1362 863 quid
1377 838 1482 865 ageres.
1515 829 1568 856 ibd.
1584 829 1634 855 111.
1651 830 1674 860 6,
1687 829 1712 855 4.
1745 828 1821 854 Verr-

311 867 343 894 V.
359 869 400 899 62,
418 870 475 895 162.
492 869 524 895 de
541 878 612 903 prov.
629 878 697 896 cons.
715 871 779 901 355.
810 870 904 896 lustin.
928 869 1035 896 XXVII.
1058 870 1081 901 3,
1107 871 1131 896 5.
1164 870 1263 896 Deinde
1287 871 1446 897 coniunctivo
1471 870 1606 897 adiuncto:
1639 869 1692 896 Cio.
1707 868 1780 895 Verr.
1796 869 1817 895 1.

309 910 332 940 6,
351 910 397 935 15:
417 908 538 936 Simulat
555 919 584 936 se
600 918 698 937 eorum
707 911 851 946 praesidio
868 910 1012 944 confidere,
1030 919 1104 937 cum
1122 913 1257 937 interea
1273 911 1354 937 altud
1362 910 1491 944 quiddam
1508 912 1568 937 tam
1576 910 1625 937 dtu
1637 910 1817 937 nacMneeur.

307 951 341 976 'd.
358 951 380 976 F
423 970 430 977 .
447 951 505 976 VII.
579 971 585 977 .

306 959 315 977 ι
380 959 461 1017 Βιῗῖιιο
478 953 608 1017 Αιιι1ι1ι11ιιι1
623 992 679 1017 loco
696 992 860 1018 inveniuntur
876 993 1022 1019 consociata
1047 1001 1112 1018 cum
1137 993 1226 1019 inter
1251 993 1330 1019 haec
1355 1007 1394 1023 —,
1419 993 1458 1018 ita
1483 993 1571 1019 tamen
1595 994 1625 1018 nt
1649 992 1714 1018 hanc
1738 992 1817 1018 etiam

307 1031 442 1058 formulam
459 1032 600 1058 solitariam
618 1040 748 1058 commune
764 1032 825 1066 quid
841 1032 936 1059 habere
953 1041 1010 1059 cum
1026 1042 1054 1059 re
1071 1035 1160 1060 nostra
1176 1033 1323 1067 negandum
1339 1034 1374 1060 sit
1389 1032 1482 1060 XXVI.
1498 1033 1522 1065 8,
1539 1034 1568 1060 3:
1584 1032 1686 1059 Fam
1696 1032 1815 1065 denique

307 1075 406 1107 Inopia
423 1076 624 1099 comnieamum
641 1087 671 1092 -—-
689 1073 830 1099 discedere
846 1076 906 1100 iam
920 1074 1048 1107 parabat,
1066 1083 1134 1100 cun
1152 1077 1247 1101 {nter
1262 1075 1347 1101 baec
1368 1075 1460 1101 claui
1475 1074 1553 1109 apud
1571 1073 1716 1104 Nicaeam,
1730 1079 1815 1108 patc-

305 1112 393 1146 facm
409 1112 502 1138 subito
514 1114 609 1146 porus
625 1115 730 1148 cyr-essi
746 1127 778 1132 —
792 1114 991 1148 properabant.

158 1197 192 1231 2.
231 1196 276 1230 In
314 1196 495 1230 sententia
530 1197 743 1231 secundaria
773 1197 980 1250 primariam
1011 1202 1198 1234 coercente
1230 1200 1478 1234 desiderantur
1508 1198 1706 1243 particulae
1738 1198 1814 1234 vim

688 1253 791 1288 illam
815 1254 960 1299 planius
986 1255 1283 1290 demonstrantes.

305 1323 373 1353 Non
392 1323 484 1354 dubia
504 1327 604 1363 potest
623 1334 687 1355 esse
708 1325 922 1356 sententiarum
943 1326 1021 1357 ratio
1042 1327 1202 1365 primariae
1222 1330 1254 1357 et
1273 1325 1474 1363 secundariae,
1502 1325 1541 1357 ad
1562 1325 1639 1356 hanc
1659 1324 1684 1356 si
1704 1323 1813 1355 adnec-

159 1370 281 1401 tendam
303 1374 357 1401 aut
377 1371 461 1401 dum
483 1372 652 1402 coniunctio
672 1372 851 1403 adhibeatur
871 1373 1079 1404 conditionalis
1100 1377 1169 1411 aut,
1197 1384 1324 1413 quarum
1345 1374 1501 1412 utriusque
1522 1373 1625 1404 eadem
1645 1372 1707 1403 fere
1730 1372 1812 1403 notio

158 1422 212 1457 est,
233 1419 279 1450 vel
300 1420 422 1459 quoad
449 1420 495 1451 vel
521 1424 723 1460 quatenus,
764 1421 874 1452 Omnes
905 1421 983 1453 enim
1013 1422 1071 1453 hae
1101 1421 1265 1462 particulae
1295 1421 1451 1453 coercendi
1481 1422 1540 1453 vim
1567 1421 1653 1462 quasi
1678 1420 1813 1452 innatam

159 1468 273 1499 habent
292 1479 347 1499 nec
367 1469 407 1500 ad
428 1479 495 1509 eam
516 1473 569 1500 aut
588 1469 773 1500 efficiendam
794 1473 847 1500 aut
876 1471 1099 1508 illustrandam,
1130 1471 1155 1500 si
1176 1471 1303 1509 quaeris,
1324 1465 1490 1502 adventicio
1515 1470 1615 1510 aliquo
1641 1469 1812 1500 adiumento

157 1527 233 1556 opus
254 1520 308 1548 est.
349 1517 506 1548 Difficilior
536 1517 589 1548 illa
608 1518 686 1548 ratio
712 1517 829 1548 videtur
850 1528 914 1548 esse
944 1518 984 1549 ad
1014 1518 1260 1558 perspiciendum,
1292 1519 1317 1549 si
1346 1518 1428 1549 nuda
1458 1519 1578 1558 quidem
1608 1517 1813 1557 adiungendus

157 1566 301 1597 inserviat
321 1566 487 1597 sententiae
507 1566 700 1597 secundariae
719 1566 765 1597 vel
784 1567 815 1597 si
835 1567 983 1607 particula
995 1568 1043 1598 vel
1063 1568 1153 1599 etiam
1173 1578 1234 1599 una
1253 1578 1291 1599 ex
1303 1567 1425 1599 vocibus
1444 1568 1489 1606 iis,
1510 1568 1541 1598 in
1561 1566 1669 1607 quibus
1681 1565 1813 1621 apertior

154 1615 236 1645 inest
256 1614 296 1645 ad
317 1614 431 1654 aliquid
451 1615 565 1653 relatio,
586 1621 664 1655 quae
686 1618 756 1646 sunt
776 1619 831 1653 ut,
853 1626 952 1655 quan
960 1619 1051 1654 tum
1071 1625 1235 1656 pronomen
1256 1616 1383 1656 denique
1403 1616 1569 1654 relativum,
1590 1615 1672 1670 quod
1691 1614 1813 1656 proprie

156 1663 338 1719 appellatur:
381 1663 444 1694 Nec
464 1664 609 1695 eiusmodi
629 1665 788 1695 enunciata
807 1665 871 1695 iure
892 1667 923 1695 et
943 1665 1050 1696 merito
1081 1675 1118 1695 ex
1138 1674 1174 1695 eo
1196 1674 1260 1695 esse
1280 1675 1401 1704 genere,
1430 1664 1512 1705 quod
1538 1664 1723 1704 quaerimus,
1754 1662 1814 1693 dici

156 1712 273 1750 licebit,
305 1713 363 1744 nisi
383 1723 420 1744 ea
440 1713 575 1753 proxime
595 1714 737 1745 accedere
758 1713 937 1744 videbuntur
956 1713 996 1744 ad
1016 1712 1238 1743 similitudinem
1260 1723 1370 1751 eorum,
1401 1713 1433 1744 in
1453 1713 1561 1754 quibus
1581 1722 1673 1753 supra
1692 1710 1812 1742 vocula-

155 1771 224 1791 rum
244 1761 364 1792 illarum
385 1761 633 1802 significationem
653 1766 846 1800 coercentem,
867 1760 1098 1800 suffragantibus
1118 1760 1238 1800 quidem
1258 1761 1325 1792 aliis
1342 1761 1521 1801 quibusdam
1541 1760 1703 1801 particulis,
1723 1760 1812 1800 plane

156 1811 248 1849 atque
268 1812 374 1849 aperte
395 1809 529 1841 exhiberi
555 1810 830 1842 demonstravimus.
872 1810 957 1841 Talia
988 1814 1089 1841 autem
1120 1810 1264 1850 exempla,
1294 1810 1429 1841 universe
1459 1810 1484 1840 si
1514 1810 1646 1840 iudicare
1676 1808 1811 1845 volueris,

152 1857 268 1889 rariora
287 1858 426 1892 invenies.

303 1907 331 1940 1.
362 1907 445 1944 Quae
465 1906 603 1938 Handius
622 1907 659 1940 H.
682 1906 842 1938 324—328
864 1906 901 1938 de
922 1906 1006 1937 dum
1027 1907 1192 1947 particulae
1212 1917 1268 1938 usu
1288 1906 1348 1938 huc
1367 1907 1536 1948 pertinente
1556 1906 1709 1947 exposuit,
1736 1915 1812 1945 pau-

154 1955 273 1987 cissima
297 1956 334 1987 iis
361 1956 459 1988 habeo
486 1967 564 1997 quae
584 1955 705 1988 addam.
744 1955 877 1987 Primum
898 1955 1098 1987 memorabilis
1119 1959 1165 1987 est
1185 1955 1380 1987 Ciceroniana
1409 1954 1625 1996 particularum
1655 1953 1740 1985 dum
1770 1956 1811 1984 ut

156 2005 344 2044 consociatio,
365 2006 449 2037 cuius
469 2009 571 2037 tamen
592 2015 671 2045 quae
690 2007 811 2045 praesto
832 2008 902 2036 sunt
928 2004 1070 2045 exempla,
1092 2004 1309 2037 dubitationem
1326 2004 1464 2037 afferunt.
1505 2003 1620 2036 Deinde
1651 2002 1736 2034 dum
1765 2013 1811 2035 ne

154 2063 216 2084 non
236 2053 325 2084 modo
345 2053 481 2092 formula,
502 2055 556 2085 sed
575 2053 713 2094 partibus
733 2054 825 2085 etiam
845 2054 1000 2085 disiunctis
1019 2054 1175 2085 invenitur.
1217 2054 1294 2085 Tum
1314 2053 1395 2093 quod
1413 2053 1464 2083 ille
1490 2053 1511 2084 1.
1540 2063 1565 2084 c.
1586 2063 1615 2092 p.
1636 2052 1694 2083 325
1727 2051 1810 2082 dum

152 2111 223 2132 non
245 2101 304 2132 dici
324 2112 384 2133 non
403 2113 491 2143 posse
512 2106 626 2141 censet,
654 2103 712 2133 nisi
732 2102 784 2133 ubi
804 2103 923 2143 negatio
943 2112 1004 2133 non
1024 2102 1182 2133 cohaereat
1214 2111 1282 2132 cum
1302 2100 1394 2132 verbo
1424 2100 1478 2132 sed
1507 2100 1548 2131 ad
1568 2099 1659 2130 aliam
1678 2098 1809 2138 aliquam

152 2151 303 2181 enunciati
322 2154 440 2191 partem
461 2152 500 2182 sit
519 2151 684 2190 referenda,
706 2155 795 2182 errat.
837 2152 1014 2191 Repugnant
1034 2150 1113 2181 enim
1133 2150 1202 2180 huic
1222 2148 1343 2190 regulae
1363 2149 1421 2180 loci
1441 2147 1634 2186 Quintilis-nei
1653 2147 1808 2180 minimum

153 2197 223 2229 duo.
260 2198 323 2230 Per
343 2209 375 2230 se
396 2200 515 2239 quidem
536 2201 627 2231 etiam
647 2204 815 2231 memoratu
836 2200 925 2239 digna
945 2202 991 2230 est
1010 2199 1102 2236 ratio,
1134 2209 1226 2238 quam
1245 2199 1303 2229 ita
1333 2215 1373 2221 —
1405 2197 1543 2228 dumne
1574 2196 1704 2228 inierunt
1725 2196 1808 2228 Livio

153 2250 285 2287 auctore,
306 2258 489 2288 quamquam
509 2248 557 2279 hic
577 2258 649 2280 usus
669 2249 705 2287 ei,
726 2258 815 2289 quem
834 2248 1012 2288 quaerimus,
1032 2247 1122 2278 modo
1142 2247 1255 2277 vicinus
1275 2246 1334 2277 dici
1354 2247 1462 2286 potest.

398 2296 452 2323 cie.
468 2297 502 2323 ad
518 2297 598 2323 Attio.
614 2297 673 2324 vn.
690 2297 731 2329 23,
749 2297 777 2324 3:
795 2296 925 2323 Caesaris
941 2297 1092 2323 liter-mm
1107 2296 1262 2331 exemplum
1280 2295 1333 2335 tibi
1349 2296 1431 2321 nisi.-
1446 2302 1564 2330 royano
1580 2295 1672 2324 ωιτη,-
1693 2296 1741 2321 cui
1756 2302 1807 2322 noe

297 2336 379 2363 valde
394 2337 561 2371 satisfacere
576 2338 657 2364 multi
672 2337 711 2364 ad
727 2346 772 2363 me
786 2339 974 2372 πήρην-κω,-
1001 2338 1073 2371 quod
1085 2339 1185 2372 patior
1200 2337 1298 2371 facile,
1323 2337 1400 2362 dum
1427 2339 1465 2362 ut
1489 2335 1580 2362 adbuc
1599 2335 1674 2362 niul
1696 2335 1807 2369 fatiam
