1984 2597
618 386 1307 538 merceQmis
1289 439 1396 557 s

285 578 473 649 Sententiae
493 612 687 645 secundariae
713 612 810 644 tribus
829 612 927 645 modis
945 612 1122 654 primariam
1142 621 1279 643 coercere
1297 615 1431 653 possunt,
1461 615 1516 644 aut
1535 612 1580 644 ita
1599 614 1642 650 ut,
1662 620 1742 652 quae
1760 611 1799 644 iis
1815 610 1840 638 1·

139 663 221 695 actio
239 663 415 700 continetur,
435 661 595 702 primariae
615 661 780 692 sententiae
799 662 948 693 actionem
967 661 1016 693 vel
1035 661 1094 692 loci
1113 660 1169 699 vel,
1189 660 1271 700 quod
1288 661 1408 700 saepius
1420 661 1505 699 solet,
1523 660 1669 700 temporis
1681 661 1800 691 ratione

139 705 446 753 terminetoisque
476 719 518 741 eo
548 709 649 751 dum)
680 712 734 740 aut
761 712 796 741 ιιι
825 709 870 748 iis,
901 709 998 750 qualis
1018 709 1059 741 sit
1077 709 1159 741 actio
1178 708 1330 749 primaria,
1360 709 1530 741 accuratim
1548 708 1711 740 definiatur
1730 708 1799 747 (sic

140 764 272 794 tamen
291 761 346 799 ιιι)
367 763 422 792 aut
441 759 569 799 denique
587 761 623 790 ut
641 759 846 799 exceptionem
865 758 1017 796 adiiciant,
1047 757 1110 790 sive
1130 767 1206 797 eam,
1226 768 1288 798 qua
1307 768 1328 790 a
1347 761 1431 790 certa
1450 758 1581 799 quadam
1605 768 1707 789 rerum
1726 767 1798 798 pro-

138 810 235 842 vincia
263 809 343 841 actio
373 808 426 840 illa
446 807 573 846 exclusa,
601 807 663 838 sive
683 817 758 846 eam,
789 817 881 847 quam
901 808 927 838 si
947 806 1043 838 solam
1063 809 1188 846 spectes,
1217 806 1302 837 nulla
1322 817 1387 848 esse
1407 807 1545 839 videatur
1565 810 1737 847 (excepto
1757 816 1797 838 eo

139 856 239 899 quod
256 876 306 896 —‚
332 867 407 888 non
426 859 555 887 tamen
575 855 632 886 sic
651 858 694 886 ιιι
713 859 776 894 -).
826 855 982 887 Eiusmodi
1001 855 1165 886 sententias
1186 858 1419 886 consentaneum
1439 859 1486 887 est
1505 856 1667 896 primariae
1686 854 1799 886 adhae-

139 916 263 946 rescere,
286 906 323 938 fit
342 909 443 938 tamen
463 904 555 935 etiam
575 913 664 944 saepe
684 906 719 935 ut
738 905 792 934 aut
811 903 1042 944 interponantur
1061 906 1116 935 aut
1135 903 1324 936 antecedant.

379 971 494 997 Primum
510 970 592 1002 igitur
608 977 691 1002 genus
706 969 801 1002 duplex
817 969 865 999 est,
883 975 940 994 cum
955 968 997 994 vel
1011 968 1096 994 locum
1112 969 1252 1002 significet,
1269 977 1345 1003 quem
1361 970 1432 996 ultra
1447 969 1515 995 actio
1533 969 1658 1002 primaria
1675 968 1799 1002 progredi
1814 967 1840 994 2.

285 1020 337 1039 ιιοιι
352 1012 435 1045 possit
450 1011 501 1043 (bis
518 1018 550 1039 sn
564 1009 610 1035 der
626 1009 706 1035 Stelle
722 1009 779 1042 wo),
795 1008 837 1034 vel
852 1010 962 1041 tempus,
983 1016 1033 1041 quo
1049 1016 1131 1042 usque
1147 1017 1205 1035 cum
1221 1010 1353 1041 manserit,
1379 1011 1515 1036 omittatur
1531 1010 1570 1042 (so
1586 1010 1666 1042 lange
1682 1009 1742 1043 bis).
1774 1009 1799 1035 A

284 1061 336 1087 qua
358 1052 461 1086 quidem
482 1050 604 1084 temporis
626 1050 725 1075 ratione
748 1049 948 1075 diversissimam
969 1056 1026 1075 esse
1047 1057 1105 1075 eam
1126 1051 1242 1084 apparet,
1267 1058 1327 1084 qua,
1352 1050 1475 1084 quamdiu
1492 1050 1568 1076 duret
1584 1050 1652 1076 actio
1668 1050 1799 1084 primaria,

285 1094 384 1122 dnobus
400 1093 474 1127 quasi
489 1092 605 1118 terminis
620 1091 778 1123 constitutis,
798 1099 859 1118 nou
866 1091 949 1118 solum
966 1097 1004 1123 eo,
1026 1099 1077 1125 qno
1093 1091 1140 1118 illa
1154 1092 1293 1126 pertineat,
1315 1091 1361 1119 sed
1378 1092 1458 1118 etiam
1473 1099 1512 1124 eo,
1529 1091 1598 1118 unde
1613 1091 1798 1126 proficiscatur,

284 1135 427 1162 accuratius
445 1134 610 1166 designatum
626 1132 756 1158 videamus
773 1131 811 1164 (so
827 1132 906 1164 lange
923 1131 980 1164 als).
1012 1130 1085 1157 Haec
1098 1132 1168 1158 ratio
1184 1132 1250 1158 nihil
1265 1133 1337 1159 valet
1353 1133 1386 1159 ad
1401 1141 1456 1159 rem
1471 1133 1646 1167 propositamJ
1662 1141 1714 1159 uon
1731 1133 1799 1159 enim

284 1175 406 1203 accedere
428 1174 553 1201 eiusmodi
574 1173 717 1199 sententiae
739 1172 894 1205 temporales
921 1171 956 1197 ad
975 1172 1124 1205 primariam
1147 1172 1198 1198 dici
1213 1175 1323 1206 possunt
1337 1174 1511 1205 coercendam,
1531 1174 1584 1200 imo
1601 1173 1757 1201 adiiciantur
1773 1174 1799 1200 ei

284 1225 318 1244 an
339 1217 485 1242 inserantur
505 1223 539 1241 an
559 1222 620 1240 vero
641 1213 849 1247 praemittantur,
870 1212 936 1238 nihil
961 1213 1064 1239 omnino
1080 1212 1170 1239 refert.
1207 1213 1333 1246 Quoniam
1348 1216 1445 1246 tamen,
1467 1215 1498 1240 ut
1512 1215 1540 1240 vi
1556 1215 1584 1240 ot
1598 1216 1693 1241 natura
1707 1215 1798 1248 utique

285 1258 431 1291 discrepant
453 1256 485 1282 ab
501 1256 542 1287 iis,
564 1256 590 1281 in
614 1255 705 1288 quibus
720 1254 804 1287 prima
819 1262 880 1287 pars
896 1254 1079 1286 disputationis
1095 1254 1250 1286 versabitur,
1272 1256 1311 1281 ita
1326 1255 1417 1282 formis
1433 1263 1616 1289 nonnunquam
1631 1263 1689 1282 cum
1705 1255 1797 1282 iisdem

284 1298 444 1328 conveniunt,
461 1297 571 1322 strictim
587 1297 665 1326 certe,
681 1294 726 1320 ubi
743 1294 841 1320 occasio
857 1293 945 1325 tuerit,
965 1301 1054 1320 earum
1069 1295 1253 1322 similitudines
1273 1297 1371 1330 attingi
1387 1305 1440 1323 ιιοιι
1455 1297 1568 1323 slienum
1583 1296 1723 1323 videbitur.

381 1337 413 1363 In
429 1338 511 1363 altero
530 1343 624 1369 genere
640 1342 723 1368 neque
738 1335 789 1360 loci
805 1342 887 1367 neque
902 1335 1026 1367 temporis
1041 1336 1110 1362 ratio
1134 1338 1175 1362 est
1191 1337 1237 1363 sed
1253 1338 1396 1370 qualitatis,
1420 1345 1485 1371 quae
1502 1345 1558 1363 esse
1575 1337 1684 1363 actionis
1700 1338 1797 1371 prima-
1814 1335 1839 1361 3-

283 1380 337 1406 riae
353 1377 523 1405 existimanda
539 1377 582 1403 sit.
614 1375 775 1409 Diligentius
793 1374 896 1408 quidem
909 1375 933 1400 si
948 1376 1102 1408 quaerimus,
1119 1384 1201 1410 aeque
1217 1379 1245 1403 et
1260 1378 1377 1412 superins
1394 1378 1459 1404 illud
1475 1378 1570 1412 duplex
1586 1378 1724 1410 invenitur,
1741 1386 1799 1404 cum

285 1422 313 1448 et
328 1421 402 1447 aiens
417 1427 472 1446 esse
490 1420 517 1445 et
532 1426 633 1451 negans
646 1417 738 1451 possit.
775 1416 919 1449 Utrumque
941 1417 1009 1442 enim
1025 1416 1077 1442 dici
1092 1417 1161 1449 licet,
1179 1419 1207 1444 et
1222 1418 1295 1450 illud,
1317 1427 1389 1445 esse
1406 1419 1498 1453 qnid,
1515 1419 1571 1445 sed
1587 1420 1636 1446 ita
1651 1421 1687 1446 ιιι
1706 1419 1800 1446 alind

286 1460 364 1495 quid
384 1461 442 1491 sit,
465 1461 492 1485 et
514 1458 586 1489 illud,
608 1465 680 1484 esse
701 1456 794 1490 quid,
816 1456 874 1482 sed
895 1457 946 1481 ita
967 1458 1004 1482 ιιι
1024 1458 1117 1484 aliud
1138 1459 1215 1491 quid
1231 1467 1269 1485 ne
1286 1460 1339 1486 sit.
1374 1460 1450 1491 Quod
1466 1460 1605 1487 discrimen
1621 1468 1726 1487 eausam
1742 1469 1800 1487 esse

285 1501 415 1537 quandam
431 1508 475 1527 cnr
491 1499 598 1526 silentio
614 1497 828 1532 praetercundum
844 1504 896 1522 non
910 1497 954 1528 sit,
971 1498 1049 1530 paulo
1065 1498 1134 1524 infra
1149 1499 1390 1527 demonstrabimus.
1407 1501 1441 1534 (ἕ.
1458 1502 1492 1535 5.)

382 1542 499 1568 Tertium
514 1540 623 1573 denique
641 1546 723 1572 genus
739 1537 865 1564 eimodi
881 1545 938 1563 ⁰⁸³⁰
953 1538 1073 1570 Vidimus,
1089 1541 1120 1565 ut
1135 1541 1259 1574 primaria
1274 1542 1343 1568 actio
1360 1544 1407 1568 aut
1424 1544 1582 1576 generaliter
1590 1544 1678 1570 valere
1687 1544 1800 1576 negetur
1815 1539 1840 1566 4-

286 1582 446 1614 secundaria,
468 1581 551 1615 specie
576 1580 679 1614 quidem
701 1578 798 1610 addita,
820 1578 854 1604 ad
875 1586 951 1612 quam
972 1579 1020 1605 illa
1034 1580 1121 1606 minus
1136 1581 1275 1614 pertineat,
1292 1584 1346 1614 aut,
1363 1585 1462 1609 certum
1479 1584 1542 1617 quid
1557 1585 1581 1610 si
1596 1586 1705 1618 spectes,
1730 1583 1800 1618 quod

284 1624 326 1651 vel
342 1624 379 1650 sit
393 1623 436 1650 vel
452 1630 508 1649 esse
523 1622 614 1655 possit,
631 1621 743 1653 negetur
758 1619 845 1646 valere
855 1620 967 1646 omnino.
999 1620 1038 1646 Ex
1049 1621 1133 1648 altero
1143 1622 1189 1649 illo
1200 1630 1296 1656 genere
1311 1625 1456 1658 exemplum
1469 1624 1520 1652 hoc
1536 1626 1590 1652 est:
1605 1625 1704 1652 laudo
1721 1632 1798 1651 com-

284 1664 527 1691 mentationem
543 1665 645 1693 tuam,
661 1662 891 1695 praeterquam
908 1661 993 1694 quod
1009 1662 1230 1696 stribligines
1247 1664 1430 1697 admisisti,
1446 1664 1493 1691 ubi
1504 1665 1800 1696 commentationislsm,

285 1706 309 1731 si
324 1706 407 1731 solam
422 1704 579 1730 sententiam
593 1702 744 1736 primariam
759 1701 856 1727 intueri
869 1700 989 1734 volueris,
1005 1703 1134 1735 generalis
1151 1703 1273 1730 habenda
1288 1705 1347 1736 erit,
1364 1705 1541 1732 additamento
1551 1707 1690 1733 autemitn
1699 1713 1799 1732 coerce

285 1746 330 1776 tur
345 1747 377 1772 ιιι
392 1744 424 1772 ab
442 1752 473 1771 ea
482 1745 552 1770 locos
564 1742 756 1776 stribliginibus
768 1741 905 1775 adspersos
917 1742 1059 1769 excludam.
1092 1743 1130 1770 Ex
1146 1744 1230 1771 altero
1246 1745 1309 1771 hoc:
1326 1745 1365 1772 ad
1381 1753 1513 1773 coenam
1528 1746 1597 1778 ibo,
1612 1754 1675 1772 non
1691 1748 1800 1773 tamen

286 1787 315 1813 si
335 1785 484 1819 negotiis
505 1784 716 1818 prohibebor;
738 1782 792 1814 ubi,
813 1783 950 1816 postquam
974 1783 1072 1809 iturum
1093 1791 1136 1810 me
1158 1785 1219 1817 dixi,
1241 1786 1308 1812 addo
1331 1794 1383 1812 non
1398 1787 1502 1819 iturum,
1523 1788 1638 1821 negotiis
1653 1788 1681 1813 id
1696 1787 1801 1821 quiden

285 1825 489 1861 prohibentibus,
505 1832 594 1858 eoque,
611 1825 635 1850 si
651 1824 700 1850 hoc
716 1823 844 1854 inciderit,
861 1823 996 1855 wuomm,
1007 1831 1074 1857 quae
1085 1824 1222 1852 exhibetur
1228 1827 1360 1853 sententia
1367 1827 1499 1860 primaria,
1515 1828 1612 1854 nullam
1619 1827 1676 1854 fore
1683 1828 1801 1855 ostendo.

285 1867 355 1895 Haec
378 1868 462 1893 altera
485 1867 536 1892 etsi
566 1866 650 1892 minus
671 1866 743 1891 recto
766 1863 890 1898 excepfio,
912 1871 964 1897 qu
978 1872 1020 1891 res
1042 1869 1241 1895 commemorata
1263 1870 1420 1900 coerceatur,
1442 1876 1519 1901 quam
1533 1869 1573 1894 rei
1587 1869 1671 1895 totius
1687 1868 1801 1896 sublatio

286 1908 395 1935 dicenda
410 1908 453 1939 sit,
470 1915 503 1933 ne
518 1908 605 1933 tamen
622 1906 793 1936 comminuere
808 1904 896 1938 potius
912 1912 991 1938 quam
1002 1905 1119 1933 dividere
1128 1908 1265 1934 materiam
1275 1908 1416 1940 videamur,
1434 1909 1591 1942 exceptionis
1602 1910 1705 1936 nomine
1714 1911 1801 1944 aequi-

287 1957 408 1980 escamus,
424 1948 500 1974 modo
516 1956 549 1974 ne
564 1948 641 1981 plane
658 1945 779 1973 confundi
795 1945 926 1979 patimur
940 1953 979 1978 ea,
996 1954 1071 1979 quas,
1088 1947 1112 1973 si
1128 1949 1239 1981 quaeris,
1257 1949 1361 1976 diversa
1376 1951 1445 1975 sunt.

383 1988 505 2016 Ceterum
519 1988 585 2014 illud
601 1986 772 2014 animadverti
786 1986 854 2017 volo,
875 1986 952 2013 facile
967 1986 1021 2014 dici
1036 1988 1175 2022 utrumque
1189 1989 1275 2021 licere,
1296 1992 1324 2016 et
1340 1990 1402 2016 hoc:
1424 1990 1487 2016 dili
1495 1991 1548 2023 git
1568 1991 1718 2022 amicum.
1737 1999 1800 2018 non
1816 1995 1841 2020 5.

287 2032 395 2057 tamen
408 2030 460 2056 ita
472 2030 507 2055 ut
523 2029 591 2055 eius
609 2028 771 2055 commoda
785 2027 858 2053 suis
875 2028 1069 2060 anteponat,
1086 2028 1183 2055 ethoc:
1196 2029 1317 2063 diligit
1333 2030 1667 2063 amicumitatamen,
1684 2032 1799 2059 uteius

288 2070 450 2098 commoda
466 2070 533 2096 suis
549 2078 589 2096 ne
605 2069 792 2102 anteponat.
825 2067 896 2100 Quae
913 2067 964 2094 duo
981 2075 1039 2094 cum
1054 2069 1110 2094 tam
1126 2070 1181 2095 sint
1196 2070 1298 2102 similia,
1314 2072 1344 2096 ut
1360 2071 1394 2096 ad
1410 2079 1489 2097 ιιιιιιιιι
1506 2071 1611 2098 etidern
1622 2072 1801 2105 genusredire

286 2112 429 2143 videantur,
446 2111 587 2145 diligenter
603 2112 691 2136 tamen
708 2108 853 2142 separanda
872 2109 942 2134 sunt.
980 2107 1051 2135 Nun
1071 2109 1100 2135 in
1117 2110 1199 2136 altero
1216 2111 1261 2137 illo
1277 2112 1390 2145 exemplo
1407 2112 1582 2145 exceptionem
1597 2112 1715 2139 additam
1729 2112 1800 2140 vide-

287 2161 352 2185 mus,
365 2161 446 2187 quam
461 2151 576 2184 eandem,
593 2151 616 2177 si
630 2151 671 2177 ita
686 2149 818 2181 malueris,
838 2149 878 2175 rei
898 2150 1122 2181 commemoratae,
1144 2151 1176 2177 ut
1196 2150 1257 2183 dixi,
1278 2151 1449 2178 sublationem
1471 2152 1600 2186 appellare
1615 2153 1701 2186 liceat,
1721 2153 1802 2188 (idem

287 2195 355 2222 euim
371 2195 400 2222 οι
420 2194 531 2228 diligere
553 2193 663 2220 amicum
686 2192 713 2218 et
730 2191 802 2218 certo
819 2189 931 2224 quodam
945 2189 1022 2216 modo
1040 2197 1092 2217 non
1109 2191 1220 2225 diligere
1235 2192 1410 2227 perhibetur),
1438 2193 1549 2219 alterum
1565 2193 1605 2220 ita
1620 2194 1731 2228 apparet
1745 2201 1803 2222 esse

288 2237 473 2270 comparatum,
489 2237 521 2262 ut
535 2235 602 2262 nihil
618 2234 677 2265 nisi,
694 2233 777 2267 qualis
791 2232 827 2259 sit
838 2231 910 2258 actio
928 2231 1060 2265 primaria,
1077 2233 1223 2260 accuratius
1240 2233 1388 2261 definiatur.
1420 2233 1489 2266 Quid
1505 2234 1573 2261 enim
1589 2234 1661 2262 aliud
1677 2235 1729 2262 nisi
1744 2235 1804 2263 finis

291 2275 395 2310 quidam
410 2276 523 2310 ponitur,
541 2283 618 2310 quem
633 2275 703 2302 ultra
717 2272 840 2308 progredi
855 2273 901 2299 ills
916 2272 1012 2299 caritas
1028 2273 1105 2299 amici
1120 2273 1205 2299 nolit?
