1984 2597
134 195 256 228 exordio
277 195 468 236 exposuimus
489 193 628 234 quodque
651 194 693 225 ad
721 195 821 226 omnia
846 195 909 227 fere
934 197 1066 237 pertinet
1096 193 1220 226 secundi
1251 193 1363 225 ordinis
1393 193 1554 224 enunciata
1583 202 1643 223 non
1670 195 1795 247 propter

134 245 304 277 universum
324 244 467 275 orationis
487 246 660 274 contextum
680 243 830 283 quendam
856 245 910 276 sed
929 247 1055 285 propter
1075 254 1162 275 suam
1186 243 1321 283 ipsorum
1341 242 1400 273 vim
1428 246 1460 274 et
1484 245 1624 273 naturam
1644 241 1794 282 primariis

133 292 336 330 adhaerentia,
356 291 518 323 tenendum
542 294 595 330 est,
615 302 828 333 nonnunquam
855 293 1055 324 coniunctioni
1075 292 1128 323 illa
1148 291 1301 322 inducenti
1321 291 1483 330 superioris
1499 290 1612 321 ordinis
1628 290 1795 321 sententiae

101 342 103 344 ’
133 345 252 383 partem
271 341 407 382 proxime
428 341 604 372 antecedere
625 352 693 381 cum
713 351 807 382 eaque
827 341 871 373 ita
885 352 974 373 sensu
987 340 1124 373 connecti
1144 343 1180 371 ut
1200 342 1300 372 certae
1315 340 1464 380 quaedam
1481 338 1628 370 formulae
1641 338 1796 375 exsistant,

134 400 209 431 quas
229 390 287 421 nisi
307 399 445 430 perverse
466 390 586 430 quidem
614 390 752 422 divellere
779 391 921 429 volueris,
951 391 1084 430 integras
1115 389 1248 420 tribuere
1278 389 1432 419 sententiis
1462 387 1646 419 secundariis
1676 387 1796 417 debeas.

134 439 254 479 Duplex
273 438 365 478 igitur
384 438 438 469 illa
457 440 543 478 ratio,
564 449 655 480 quam
676 439 745 478 dixi,
773 450 810 470 ea
830 442 883 478 est,
910 439 1041 480 primum
1062 441 1098 469 ut
1117 437 1207 469 simul
1228 441 1259 469 et
1278 440 1452 469 coerceatur
1476 436 1626 468 sententia
1651 435 1796 476 primaria

134 491 165 521 et
186 498 254 520 cum
274 487 371 519 ironia
391 488 521 528 quadam
543 488 713 529 explicetur,
735 488 842 520 deinde
862 491 897 520 ut
911 498 979 520 cum
989 489 1019 519 vi
1031 488 1085 518 illa
1099 490 1253 518 coercente
1268 487 1452 527 comparatio
1468 485 1616 526 quaedam
1637 485 1796 515 coniuncta

134 537 181 576 sit,
201 540 265 568 tum
287 539 330 575 ut,
351 547 428 577 quae
448 537 598 569 addantur
619 537 774 569 coercendi
794 547 892 576 causa,
922 538 1027 569 eadem
1047 536 1209 577 primariae
1237 536 1347 567 actioni
1378 538 1582 576 opponantur,
1609 534 1737 574 denique
1762 536 1798 564 ut

135 597 201 619 eam
231 586 276 618 ita
306 587 435 618 coerceri
464 587 624 627 videamus,
655 586 743 619 simul
772 590 805 619 ut
825 597 845 618 a
864 597 898 619 re
925 587 1039 618 maiore
1059 585 1100 618 ad
1120 585 1265 617 minorem
1286 585 1370 626 quasi
1391 585 1539 625 quaedam
1560 584 1615 615 fiat
1635 583 1796 615 descensio.

135 637 275 668 Ceterum
295 637 588 668 commemorandum
609 640 661 675 est,
682 637 714 667 in
735 636 872 667 omnibus
892 636 939 667 his
960 635 1118 676 generibus
1139 635 1283 675 temporis
1305 635 1410 666 haberi
1430 635 1592 673 rationem,
1619 633 1701 681 quod
1722 632 1796 664 defi-

134 685 244 722 niatur,
265 694 326 715 non
346 684 412 716 loci.

281 736 313 771 a)
334 732 367 764 Si
389 733 456 773 quis
483 743 572 772 quem
600 743 668 763 cum
694 732 892 764 admiratione
919 732 1184 772 indignationeque
1204 732 1412 771 interrogavit,
1440 741 1508 762 cum
1529 730 1656 761 diceret:
1699 729 1795 767 Quid
1810 728 1853 755 20·

135 782 361 821 exspectas?
381 784 436 811 aut
455 781 551 811 simile
572 781 652 820 quid,
680 790 894 820 nonnunquam
914 781 959 811 ita
977 780 1077 819 pergit
1097 780 1179 820 loqui
1207 783 1242 811 ut
1270 790 1379 811 novam
1409 780 1503 811 addat
1528 780 1795 819 interrogationem

134 839 203 861 cum
223 829 367 866 irrisione,
388 839 407 860 a
427 828 556 860 formula
581 839 627 860 an
655 829 740 859 dum
761 829 822 859 —‘?
849 828 1050 867 incipientem.
1092 828 1154 859 Nos
1185 829 1341 860 vertimus:
1373 828 1459 860 Etwa.
1479 829 1524 860 bis
1545 830 1608 860 —‘?
1637 829 1675 861 cf.
1705 829 1794 860 Hom.

132 879 166 911 11.
189 879 216 917 5,
238 878 296 910 465
318 878 367 910 all.
389 878 418 915 ἐς
437 879 469 908 τί
485 878 525 909 ἔτι
556 889 612 919 -;
644 877 663 919 ἢ
682 879 795 910 εἰσόκεν
824 888 879 916 -—;
920 877 1010 917 Apud
1032 877 1190 917 Virgilium
1214 877 1367 917 leguntur:
1410 877 1504 915 Quid
1524 879 1667 911 moror?
1688 888 1735 909 an
1754 894 1796 901 —

133 927 219 957 dum
241 928 300 957 —¹?
320 926 475 966 particulis
496 926 617 965 quidem
637 926 799 964 disiunctis,
821 925 910 965 quale
930 925 1100 965 exemplum
1127 926 1211 956 aliud
1231 936 1291 957 non
1311 926 1417 957 habeo.
1459 926 1639 957 Addendum
1659 930 1720 964 est,
1748 936 1796 957 an

133 975 252 1006 donec
272 985 420 1015 nusquam
441 975 564 1005 inveniri
584 974 685 1013 videri,
707 974 787 1015 quod
807 974 914 1012 miror,
943 974 1086 1013 quoniam
1104 974 1241 1014 pauculis
1260 977 1342 1005 certe
1362 974 1436 1005 locis
1465 977 1649 1014 exspecto
1676 974 1796 1005 donec

133 1025 291 1056 coniuncta
311 1027 389 1063 sunt,
418 1024 493 1056 Plin.
524 1034 569 1064 ep.
600 1023 637 1055 X.
669 1024 737 1056 122.
768 1024 905 1055 Lactant.
937 1023 989 1055 ΙΙΙ.
1022 1024 1070 1062 30,
1103 1025 1130 1057 5.
1174 1023 1279 1064 Neque
1299 1033 1345 1054 an
1367 1023 1488 1063 quoad
1515 1023 1628 1055 aliaeve
1649 1023 1794 1055 eiusmodi

131 1073 277 1104 formulae
297 1083 317 1104 a
337 1083 385 1103 me
405 1076 550 1112 repertae,
573 1073 653 1111 q'uod
673 1073 772 1103 minus
793 1072 937 1103 mirabile.

378 1152 430 1179 Cic.
447 1153 532 1178 Divin.
550 1153 571 1178 Ι.
588 1153 626 1184 36,
643 1154 689 1179 79.-
706 1153 776 1187 quid
786 1155 877 1187 [μίαν
887 1150 1102 1186 empeeieamus?
1119 1160 1163 1178 an
1178 1151 1259 1177 dum
1276 1153 1308 1177 in
1323 1152 1389 1185 foro
1398 1151 1542 1178 nobiseum
1550 1153 1595 1178 elli
1606 1153 1794 1184 immortales,

280 1193 348 1219 dum
365 1195 396 1219 in
412 1195 466 1219 vtis
484 1196 635 1223 uersentur,
651 1193 721 1219 dum
737 1193 836 1219 domi?
868 1193 901 1218 ef.
917 1192 980 1218 ibid.
997 1192 1019 1218 Ι.
1029 1194 1069 1224 39,
1079 1193 1119 1220 84.
1137 1208 1169 1211 —
1186 1193 1223 1218 id.
1240 1192 1314 1219 Verr.
1330 1193 1365 1219 Π.
1380 1193 1403 1218 Ι.
1413 1193 1453 1223 37,
1463 1192 1509 1219 94:
1533 1192 1610 1224 Qum
1625 1193 1792 1229 exspectas?

279 1242 322 1260 un
339 1233 415 1267 dum
432 1233 466 1259 ab
488 1233 592 1266 inferis
609 1234 659 1260 ille
677 1233 831 1260 Malleolus
848 1235 971 1260 exsistat
988 1236 1073 1267 atque
1090 1233 1138 1259 abs
1155 1237 1183 1260 te
1199 1233 1299 1266 officia
1317 1235 1432 1264 tutelae,
1449 1233 1615 1260 sodalitatis
1630 1234 1795 1267 samium-t-

279 1275 403 1306 tamque
418 1273 549 1306 βαφαὶ-9
582 1273 683 1299 Terent.
692 1273 786 1298 Heaut.
803 1274 851 1299 III.
862 1274 885 1304 2,
896 1274 941 1300 32:
961 1274 998 1299 Et
1013 1282 1088 1300 nunc
1103 1274 1173 1308 quid
1183 1277 1339 1308 exspectat,
1358 1273 1449 1307 syre?
1465 1283 1509 1300 an
1525 1274 1603 1301 dua
1619 1274 1686 1301 Mm:
1701 1275 1793 1301 deum

278 1313 383 1347 abigat,
399 1321 464 1338 cum
481 1313 602 1339 tolerare
619 1314 700 1339 illius
716 1316 848 1348 sumptus
865 1322 922 1340 non
939 1315 1044 1347 queat?

375 1353 450 1385 Virg.
467 1353 530 1378 Aen.
547 1355 570 1384 4,
589 1354 650 1379 325:
669 1354 745 1384 Quia
768 1355 877 1380 moror?
892 1363 937 1380 an
959 1362 1019 1380 ma
1038 1353 1211 1388 qumatton
1234 1354 1312 1380 dum
1346 1356 1455 1380 menia
1477 1354 1573 1387 frater
1591 1355 1722 1381 destruat
1743 1358 1795 1381 aut

275 1396 390 1428 captam
406 1393 492 1418 ducat
511 1392 647 1419 Gaetulus
666 1393 818 1425 Iarbas?³)
1634 1413 1636 1415 v

277 1467 309 1504 b)
332 1466 466 1497 Ciceroni
487 1467 517 1496 in
539 1467 622 1498 Verr.
644 1467 692 1498 IV.
717 1468 763 1504 18,
785 1469 824 1498 39
846 1477 915 1497 cum
935 1466 1065 1497 scribere
1085 1467 1203 1497 liceret:
1225 1467 1259 1497 ei
1279 1467 1433 1506 longum
1453 1467 1679 1505 videbatur,
1706 1467 1791 1499 dum
1807 1471 1849 1497 21.

131 1516 229 1547 illud
260 1515 415 1546 videret
441 1517 655 1554 argentum,
687 1516 781 1555 magis
801 1518 836 1546 ut
857 1518 1088 1554 cognosceretur
1109 1524 1200 1553 quam
1220 1515 1422 1554 intemperata
1442 1516 1544 1547 Verris
1564 1517 1658 1547 libido
1678 1516 1792 1555 fuisset,

131 1566 174 1597 sic
194 1565 329 1605 scripsit:
349 1565 439 1594 Nihil
457 1566 484 1594 ei
505 1565 655 1604 lonyim
676 1566 831 1596 videbatur
851 1563 957 1605 q'uam
976 1560 1061 1594 dum'
1078 1564 1156 1593 illud
1177 1565 1290 1594 videret
1311 1569 1474 1604 amentum,
1494 1569 1530 1596 ut
1547 1566 1626 1597 inter
1647 1576 1695 1597 res
1709 1566 1793 1604 duas,

132 1624 259 1655 quarum
290 1614 418 1644 alteram
445 1613 542 1644 altera
572 1614 702 1645 coerceri
722 1614 823 1652 voluit,
855 1614 948 1645 etiam
969 1613 1224 1652 comparationem
1245 1613 1398 1653 quandam
1418 1615 1598 1648 institueret.
1650 1614 1794 1647 Similiter

132 1663 213 1704 apud
234 1663 373 1694 Tacitum
392 1663 471 1693 inter
492 1672 524 1693 se
544 1663 726 1702 respondent
750 1673 823 1694 non
843 1663 949 1694 ultra
984 1680 1023 1685 ——
1055 1672 1167 1701 quam
1199 1662 1285 1693 dum
1316 1663 1358 1703 (h.
1380 1674 1405 1697 e.
1425 1674 1486 1694 non
1506 1664 1618 1695 diutius
1638 1683 1680 1688 —
1700 1675 1792 1704 quam

131 1712 223 1750 dum),
255 1712 284 1742 in
307 1721 367 1752 quo
388 1711 462 1742 illud
484 1711 575 1742 etiam
596 1715 642 1742 est
662 1712 968 1750 animadvertendum,
999 1712 1031 1742 in
1051 1711 1186 1742 membro
1207 1711 1264 1742 hoc
1285 1712 1381 1743 altero
1403 1722 1499 1752 aeque
1519 1715 1550 1743 et
1570 1712 1651 1752 apud
1673 1711 1791 1744 Cicero-

130 1772 199 1793 nem
220 1761 355 1799 vidimus‚
376 1760 511 1791 adhiberi
533 1761 767 1799 coniunctivum
799 1762 883 1794 cuius
904 1761 1025 1802 quidem
1046 1761 1124 1792 ratio
1145 1771 1182 1792 ea
1203 1764 1249 1793 est
1269 1764 1303 1792 ιιι
1323 1762 1370 1793 vel
1391 1761 1558 1793 dubitantis
1579 1762 1625 1793 vel
1646 1763 1791 1794 morantis

276 1867 299 1901 ⁸)
315 1866 442 1898 Handius,
460 1867 503 1901 qui
519 1874 595 1901 saepe
611 1867 706 1900 longus
723 1868 764 1893 est
781 1868 809 1893 et
824 1867 939 1894 curiosus
956 1868 983 1893 in
1000 1868 1041 1899 iis,
1059 1875 1124 1901 quae
1141 1861 1215 1902 pueri
1231 1869 1335 1900 tenent,
1359 1876 1444 1894 socors
1462 1870 1549 1895 autem
1566 1877 1596 1894 ac
1612 1869 1750 1902 negligens
1767 1870 1794 1895 in

129 1909 169 1940 iis,
187 1917 251 1942 quae
269 1908 301 1934 ad
318 1909 463 1934 contextum
481 1909 604 1934 orationis
621 1909 840 1942 perspiciendum,
859 1910 893 1936 ad
910 1917 985 1942 quem
1002 1917 1080 1935 unum
1096 1911 1183 1935 tamen
1198 1911 1257 1936 tota
1273 1910 1319 1936 illa
1335 1910 1449 1943 pertinet
1464 1910 1649 1944 particularum
1666 1910 1793 1942 doctrina,

130 1950 247 1975 nonnihil
263 1949 361 1974 habent
377 1949 521 1981 gravitatis,
540 1957 591 1974 non
608 1949 683 1974 modo
699 1949 837 1975 formulam
860 1958 928 1981 eam,
955 1950 986 1974 de
1012 1958 1063 1982 qua
1087 1958 1166 1983 supra
1191 1952 1305 1983 exposui,
1329 1952 1504 1983 praetermisit
1529 1952 1575 1977 sed
1600 1953 1701 1978 omnino
1727 1952 1794 1978 hanc

130 1990 253 2016 orationis
269 1989 456 2016 continuandae
473 1989 682 2015 consuetudinem
697 1990 865 2023 multiplicem
880 1990 985 2023 quidem
1002 1990 1044 2015 vix
1060 1991 1154 2023 attigit
1169 1990 1191 2016 I.
1208 1991 1264 2017 353.
1298 1991 1349 2016 Ubi
1366 1999 1423 2017 cum
1439 1992 1495 2017 sola
1512 1992 1545 2017 ab
1562 2000 1592 2017 eo
1610 2000 1648 2018 an
1665 1992 1751 2025 quod
1768 1994 1795 2018 et

131 2039 170 2057 an
187 2032 263 2064 quia
280 2033 476 2057 commemorata
491 2031 604 2062 videam,
629 2031 737 2064 primum
760 2030 893 2064 augendus
916 2030 1019 2057 videtur
1043 2039 1099 2057 esse
1122 2031 1198 2058 huius
1223 2032 1304 2065 ipsius
1330 2033 1441 2065 generis,
1468 2032 1537 2065 quod
1562 2032 1646 2064 affert,
1674 2040 1794 2059 numerus

130 2073 309 2105 exemplorum.
342 2073 427 2109 {tque
444 2072 509 2097 illud
526 2071 628 2104 quidem
642 2072 753 2104 legimus
769 2071 848 2097 etiam
864 2070 918 2097 cic.
934 2071 1021 2097 Diviu.
1038 2071 1076 2096 11.
1093 2072 1133 2102 16,
1151 2072 1182 2098 37
1199 2074 1227 2098 et
1243 2073 1283 2103 59,
1301 2073 1356 2103 122,
1375 2073 1423 2099 hoc
1439 2073 1543 2099 Terent.
1559 2072 1653 2106 Hecyr.
1661 2073 1706 2099 IV.
1715 2075 1741 2104 4,
1752 2074 1793 2100 41.

129 2112 234 2139 Sallust.
252 2112 331 2140 Cutil.
348 2114 387 2145 51,
404 2113 436 2139 22
453 2114 480 2139 et
496 2113 536 2139 23.
553 2112 692 2146 Angustia.
710 2111 742 2137 de
760 2112 829 2137 civit.
847 2111 890 2137 dei
905 2111 954 2137 111.
972 2113 995 2142 3,
1014 2112 1047 2137 cf.
1071 2120 1105 2138 an
1122 2114 1261 2146 propterea
1278 2114 1338 2145 quia
1356 2114 1406 2138 —?
1439 2114 1505 2139 Gen.
1521 2114 1555 2139 N.
1572 2114 1603 2139 A.
1621 2114 1666 2139 IV.
1683 2115 1706 2145 9,
1725 2115 1756 2140 12
1772 2114 1792 2140 f.

129 2154 229 2181 Deinde
246 2154 393 2182 addendum
409 2156 456 2186 est,
472 2156 576 2189 praeter
593 2162 655 2186 eam,
673 2161 749 2187 quam
766 2152 825 2185 dixi,
841 2161 892 2179 non
909 2153 959 2179 nisi
975 2153 1023 2180 has
1040 2153 1155 2180 eiusdem
1171 2153 1241 2180 modi
1263 2154 1372 2180 inveniri
1383 2153 1507 2181 formulas
1519 2154 1609 2187 videri,
1626 2163 1672 2189 per
1683 2154 1793 2189 Ellipsin

130 2196 232 2229 quidem
249 2197 424 2228 explicandas:
443 2205 481 2222 an
497 2198 666 2229 postquam
684 2195 737 2220 -—?
771 2194 823 2221 Cic.
840 2195 926 2220 Divin.
943 2194 978 2221 H.
996 2196 1036 2227 57,
1054 2196 1102 2221 117
1120 2203 1158 2221 sn
1174 2197 1210 2221 ut
1227 2195 1279 2221 -—?
1295 2196 1332 2222 ld.
1348 2196 1461 2229 Philipp.
1479 2196 1551 2223 vm.
1567 2197 1591 2228 7,
1610 2197 1650 2223 20.
1667 2205 1692 2230 p.
1701 2195 1792 2223 Milon.

130 2237 169 2268 37,
187 2236 243 2262 103.
264 2236 332 2262 Plin.
350 2244 390 2270 ep.
406 2237 428 2262 I.
446 2238 485 2268 10,
503 2237 526 2263 9.
544 2235 616 2262 Ourt.
634 2236 678 2261 VI.
694 2237 727 2263 10
743 2236 762 2261 f.
778 2236 882 2262 Sallust.
905 2235 982 2261 Catil.
1000 2236 1039 2266 51,
1059 2236 1100 2261 10.
1122 2236 1198 2269 Apul.
1216 2236 1248 2261 de
1265 2237 1356 2269 Magia
1372 2245 1398 2269 p.
1415 2238 1472 2263 306.
1493 2237 1600 2263 Petmn.
1616 2237 1679 2263 Arb.
1695 2237 1792 2270 fragm

130 2276 334 2311 ap.Wernsdorf.
350 2277 381 2303 P.
397 2277 433 2304 M.
450 2277 499 2303 111.
515 2286 540 2311 p.
558 2277 598 2304 68.
614 2276 789 2303 Ιιισιιιιιι.Ι]].
806 2277 846 2308 14,
864 2276 904 2303 12.
920 2275 979 2302 VH.
997 2276 1021 2308 6,
1039 2276 1063 2303 6.
1081 2275 1115 2302 cf.
1132 2279 1204 2303 τίπτε
1219 2287 1259 2308 -;
1276 2276 1291 2308 ἢ
1308 2279 1406 2310 ἵνα-ς
1422 2278 1499 2304 Iliad.
1515 2278 1537 2304 1.
1548 2279 1605 2305 202.
1622 2278 1737 2310 m263
1755 2285 1794 2305 ιιι

129 2318 165 2343 ut
182 2325 218 2343 ne
236 2317 286 2342 —‘?
303 2316 355 2343 cic.
373 2317 445 2344 Verr.
462 2318 493 2344 V.
509 2319 550 2349 21,
567 2318 612 2348 52;
630 2326 670 2343 an
686 2326 723 2343 ne
741 2317 790 2343 -?
807 2317 842 2343 id.
858 2326 883 2350 p.
900 2317 988 2349 Ligu.
1006 2317 1029 2348 5,
1048 2317 1088 2342 13.
