1984 2597
936 68 994 115 ’ω
1043 118 1064 138 Α,

278 175 308 206 2.
341 174 389 205 Ad
419 173 587 215 supplenda
606 183 651 211 ea,
682 183 759 213 quae
779 175 861 214 apud
882 175 1035 206 Handium
1055 175 1108 206 111,
1130 175 1190 206 632
1211 175 1248 205 de
1268 175 1398 206 formula
1418 175 1620 213 usitatissima,
1651 185 1729 215 quae
1749 178 1797 206 est
1813 185 1857 210 46.

133 223 166 255 si
186 223 309 262 modo,
342 223 424 254 dicta
443 222 641 260 inveniuntur,
663 222 737 254 haec
757 223 904 256 addimus.
954 223 1089 255 Primum
1110 223 1255 263 generalis
1275 227 1322 254 est
1340 223 1491 264 quaedam
1511 224 1615 264 regula
1635 223 1798 255 adomnia

133 272 254 312 quidem
274 271 412 314 tempora
431 268 592 311 pertinens,
612 281 673 311 qua
692 271 745 302 illa
765 273 952 304 consocietur
972 282 1041 303 cum
1061 271 1230 304 indicativo.
1272 272 1491 310 Coniunctivus,
1513 272 1671 304 meliorum
1691 276 1796 304 aucto·

132 330 202 351 rum
224 331 311 364 usum
330 321 356 352 si
376 323 502 360 spectas,
523 330 583 351 non
603 320 725 351 additur
745 320 802 351 nisi
822 331 891 351 eum
911 323 966 352 aut
985 320 1147 360 superioris
1164 321 1328 351 sententiae
1348 321 1465 352 ratione
1486 324 1518 352 et
1528 324 1681 352 structura
1691 324 1796 360 postu-

136 368 219 401 lante
238 372 294 401 aut
312 368 352 400 ad
373 369 645 406 demonstrandum,
666 369 697 400 in
718 369 886 401 conditione
906 369 996 400 simul
1015 369 1112 400 inesse
1131 368 1171 407 id,
1192 369 1271 409 quod
1285 372 1414 409 optetur.
1456 369 1545 407 Quod
1554 368 1684 400 alterum
1693 372 1796 400 tamen

133 427 204 450 raro
223 417 266 456 flt,
287 427 347 449 nou
367 427 465 458 saepe,
496 421 531 449 ut
550 418 601 449 ille
621 419 673 449 ait.
727 418 842 449 Deinde
863 419 1014 449 sententia
1033 417 1178 449 eiusmodi
1198 418 1404 450 conditionalis
1424 421 1479 449 aut
1498 413 1715 449 adhaerescere
1735 418 1796 457 pri-

134 462 248 497 inariae
278 468 333 497 aut
362 466 513 506 interponi
537 465 621 504 solet,
651 477 671 497 a
692 465 834 497 Petronio
854 469 955 497 tamen
976 466 1075 504 etiam,
1106 466 1138 497 in
1156 469 1294 506 poemate
1314 466 1441 506 quidem,
1462 466 1677 507 praemittitur.
1718 465 1795 496 Tum

134 515 248 547 Valerii
267 514 392 546 Maximi
412 517 443 546 et
464 514 593 547 Senecae
613 515 750 553 formula,
778 525 856 555 quae
877 518 923 546 est
942 515 974 547 si
996 515 1080 557 quis
1101 514 1224 553 modo,
1256 519 1388 556 excepta,
1409 515 1574 556 particulas
1608 514 1796 555 disiungendi
1844 549 1847 551 ,

134 574 200 596 mos
219 564 308 605 plane
329 564 427 595 nullus
447 564 565 596 videtur
583 564 682 596 fuisse.
724 564 807 596 Inter
826 564 959 605 reliquas
979 568 1081 597 autem
1101 574 1176 605 quas
1197 574 1261 595 esse
1281 564 1311 594 in
1332 575 1388 595 usu
1408 564 1553 596 formulas
1564 564 1699 595 videmus
1712 564 1794 604 prin-

133 613 270 654 cipatum
289 612 439 654 quendam
458 616 540 644 tenet
566 612 762 645 Ciceroniana
781 613 848 646 illa:
880 614 914 645 si
933 613 1042 645 modo
1063 617 1130 646 est.
1173 613 1327 644 Deteriore
1348 617 1379 644 et
1398 614 1580 645 auctoritate
1601 617 1633 645 et
1653 623 1724 645 vero
1745 624 1794 645 ra-

132 663 229 694 riores
249 665 319 694 sunt
339 662 370 693 si
390 662 501 693 modo
522 665 560 693 et
580 672 617 693 ac
638 662 670 693 si
691 661 800 693 modo
821 671 899 694 non.
946 661 1033 694 Addo
1055 663 1146 694 etiam
1166 662 1339 694 sortasse
1359 663 1539 703 particulam
1559 662 1705 694 eiusmodi
1726 673 1794 693 sen-

135 711 248 742 tentiae
269 711 461 742 conditionali
481 711 630 742 adiectam
650 710 783 749 inveniri,
804 721 863 741 non
884 711 929 742 ita
949 714 1059 750 tamen,
1089 711 1169 751 quod
1192 712 1292 749 sciam,
1314 715 1348 743 ut
1368 722 1435 743 cum
1456 712 1581 750 duabus,
1602 722 1679 752 quas
1699 722 1793 751 quae-

135 761 236 798 rimus,
257 760 287 791 in
307 770 399 790 unum
421 759 574 790 coaluerit.
615 759 775 790 Notionem
794 759 914 799 quidem
936 760 1015 792 illius
1035 770 1102 791 eam
1122 770 1194 798 esse,
1214 764 1249 791 ut
1269 760 1309 791 ad
1329 761 1425 800 ipsam
1445 760 1623 791 conditionis
1643 760 1703 791 vim
1724 770 1793 800 per·

135 809 238 848 tineat,
259 808 345 840 facile
366 811 412 840 est
432 807 594 839 intellectu.
635 807 796 839 Praeterea
816 808 944 840 maxime
966 809 1166 841 memorabilis
1192 809 1310 841 videtur
1329 810 1355 841 is
1374 820 1446 841 usus
1465 809 1620 846 formulae,
1641 819 1701 849 quo
1722 818 1793 840 cum

136 858 195 896 illa,
226 868 303 898 quae
332 861 379 889 est
398 858 431 888 si
449 861 591 895 tamen,
613 857 765 895 convenit;
787 867 847 897 quo
868 858 988 898 quidem
1008 869 1072 896 usu,
1104 869 1172 889 cum
1192 859 1223 889 in
1244 859 1387 899 primario
1407 859 1565 890 enunciato
1585 857 1699 889 directe
1719 858 1793 898 quid

134 907 267 950 positum
297 907 343 945 sit,
374 906 406 937 in
426 905 619 937 conditionali
639 915 735 946 eaque
756 906 937 937 adhaerente
957 907 988 937 id
1007 907 1210 940 addubitetur.
1242 908 1281 948 (ξ.
1302 907 1366 946 41.)
1407 907 1507 938 Minus
1529 906 1624 938 multo
1645 916 1793 938 memora-

136 956 210 988 b'ilia
239 955 292 987 illa
323 959 401 993 sunt,
434 955 612 996 praesertim
643 965 721 997 quae
753 955 802 986 vix
821 955 944 996 singulis
965 956 1082 997 singula
1101 956 1222 997 probari
1243 956 1388 997 exemplis
1407 957 1530 997 possint,
1561 955 1690 997 primum
1710 955 1792 997 apud

134 1005 310 1037 Ciceronem
329 1006 360 1036 in
381 1005 619 1036 adversariorum
640 1004 787 1044 colloquio
808 1016 982 1045 responsum
1003 1005 1092 1036 simul
1111 1008 1142 1036 et
1161 1005 1315 1036 affirmans
1331 1009 1361 1036 et
1371 1005 1600 1037 affirmationem
1611 1006 1792 1045 restringens

134 1055 237 1086 induci
256 1054 366 1086 verbis:
389 1053 515 1092 Certe,
536 1054 568 1084 si
589 1054 695 1085 modo
715 1072 764 1092 —,
792 1054 899 1094 quibus
919 1053 1040 1094 quidem
1060 1054 1179 1093 saepius
1199 1053 1239 1084 ab
1257 1053 1361 1084 eodem
1381 1055 1424 1085 ita
1445 1058 1641 1094 usurpantur:
1663 1054 1791 1092 Certe,

133 1105 169 1135 si
187 1123 237 1143 —,
267 1103 327 1135 alio
347 1103 413 1135 loco
444 1104 483 1144 (ἓ.
505 1104 557 1142 62)
589 1103 675 1135 nobis
705 1103 889 1142 illustranda,
921 1103 1028 1135 deinde
1058 1102 1139 1143 apud
1160 1102 1325 1134 Arnobium
1356 1104 1534 1135 sententiam
1561 1102 1792 1136 conditionalem

132 1153 320 1193 eandemque
340 1153 447 1183 modo
466 1153 632 1192 particulae
652 1163 708 1193 ope
730 1156 912 1183 coercentem
934 1153 1111 1193 imperativo·
1132 1152 1224 1182 etiam
1244 1152 1417 1183 adiunctam
1437 1153 1570 1191 inveniri,
1589 1157 1632 1191 ut,
1664 1154 1717 1193 qui
1736 1154 1792 1184 im·

135 1205 228 1242 peret,
259 1201 325 1233 fieri
355 1200 428 1242 quid
448 1200 519 1233 velit
539 1201 592 1233 sed
612 1201 656 1233 ita
676 1205 710 1233 ut
730 1204 814 1233 certa
835 1201 966 1242 quadam
987 1201 1104 1232 ratione
1124 1199 1187 1232 fiat.
1229 1200 1296 1232 Non
1318 1201 1438 1232 memini
1458 1201 1519 1232 tale
1540 1201 1612 1241 quid
1633 1201 1691 1242 legi
1711 1202 1792 1243 apud

134 1251 265 1282 melioris
284 1254 373 1282 notae
393 1251 562 1291 scriptores.
603 1251 716 1282 Ultimo
736 1251 802 1282 loco
822 1251 896 1282 illud
917 1260 1193 1290 commemoramus
1223 1261 1404 1290 quamquam
1435 1251 1465 1282 id
1486 1251 1614 1291 quidem,
1646 1256 1681 1283 ut
1699 1252 1791 1291 aiunt,

135 1303 222 1331 extra
242 1300 354 1331 calcem
385 1300 525 1338 decurrit,
553 1299 592 1330 ab
613 1299 718 1330 eodem
739 1299 873 1330 Arnobio
893 1299 950 1330 ita
970 1317 1010 1322 —
1031 1299 1061 1330 si
1083 1298 1193 1330 modo
1214 1299 1293 1329 inter
1313 1309 1345 1329 se
1365 1299 1484 1339 opponi,
1515 1309 1605 1339 quam
1626 1300 1677 1330 ille
1697 1302 1791 1340 parti-

131 1349 268 1381 cularum
289 1349 436 1381 rationem
456 1350 528 1381 item
548 1350 728 1390 singularem
749 1353 841 1390 atque
862 1350 1020 1390 unigenam
1041 1348 1158 1380 videtur
1179 1359 1358 1388 procreasse.

380 1437 508 1469 Exemplis
524 1436 557 1462 ab
573 1436 675 1463 Handio
692 1438 709 1463 l.
727 1445 749 1463 c.
767 1437 853 1463 allatis
870 1437 921 1463 alia
938 1436 1056 1463 addimus
1077 1445 1158 1470 eaque
1175 1439 1318 1470 temporum
1334 1437 1434 1463 ratione
1450 1437 1561 1470 digesta.

378 1478 416 1503 Ac
437 1478 588 1511 saepissime
611 1478 713 1511 quidem
736 1486 856 1512 praesens
877 1477 1013 1504 formulam
1035 1478 1206 1512 subsequitur,
1228 1481 1257 1504 ut
1273 1477 1327 1505 Cic.
1344 1478 1415 1504 Orat.
1432 1478 1505 1505 Part.
1523 1480 1543 1510 1,
1562 1481 1589 1505 1:
1624 1479 1734 1510 δίκαι-ο,
1752 1483 1791 1507 ιιι·

279 1525 370 1553 pater,
387 1520 475 1545 latine
492 1527 529 1543 ea:
546 1525 572 1544 ee
587 1519 686 1545 audtre
703 1528 745 1550 ea,
763 1528 833 1552 quae
850 1519 919 1545 natm
936 1525 963 1545 m
980 1520 1015 1545 de
1031 1521 1140 1545 ratione
1156 1520 1269 1545 dicendi
1287 1528 1386 1554 qraece
1402 1520 1558 1549 tradidisti,
1583 1523 1615 1546 si
1632 1522 1725 1547 modo
1739 1522 1791 1548 tibi

279 1565 322 1584 est
336 1560 420 1584 otium
437 1562 465 1584 et
482 1560 509 1584 si
526 1561 577 1589 uis,
611 1559 646 1585 id.
664 1559 688 1585 d.
706 1559 823 1586 Univers.
841 1561 880 1586 11.
913 1559 999 1585 Senec.
1017 1559 1050 1585 ad
1066 1559 1158 1592 Polyb.
1175 1561 1215 1591 21,
1232 1561 1256 1586 2.
1272 1561 1312 1590 26,
1330 1561 1353 1586 2.
1387 1559 1444 1585 Val.
1460 1560 1527 1585 Max.
1539 1560 1584 1585 IV.
1592 1561 1615 1591 6,
1625 1562 1649 1587 3.
1682 1561 1790 1593 Quintil.

279 1599 312 1626 X.
328 1600 352 1631 7,
370 1601 410 1626 15.
442 1600 548 1626 Petron.
566 1600 630 1626 Arb.
645 1601 677 1627 43
695 1609 719 1634 p.
737 1601 792 1628 171.
825 1601 917 1635 Dictys
935 1600 1004 1627 Cret.
1020 1601 1044 1631 2,
1070 1601 1110 1627 21.
1151 1601 1247 1627 Arnob.
1264 1601 1284 1626 I.
1301 1609 1326 1634 p.
1346 1602 1384 1628 17.
1401 1600 1436 1626 11.
1453 1609 1478 1634 p.
1495 1601 1536 1628 66.
1552 1601 1596 1628 VI.
1613 1610 1637 1636 p.
1655 1603 1704 1630 189
1720 1604 1790 1637 (ter).

278 1640 364 1674 Lugd.
377 1641 436 1666 Bat.
453 1641 553 1667 Deinde
571 1641 623 1667 Cic.
640 1642 702 1675 Rep-
719 1642 740 1668 I.
757 1643 797 1673 34,
814 1643 860 1669 51:
883 1642 1045 1676 deligetque,
1061 1643 1093 1667 εἰ
1109 1642 1208 1667 modo
1231 1643 1326 1668 salvus
1342 1651 1401 1668 eso-e
1418 1643 1484 1674 vult,
1501 1645 1631 1677 optimum
1649 1653 1789 1678 quemque.

278 1680 352 1707 Orat.
368 1681 417 1707 m.
435 1682 474 1713 31,
493 1682 552 1708 122:
570 1682 676 1708 Nos-Ira
694 1688 736 1708 est
751 1685 823 1708 enim
840 1685 886 1714 (ei
901 1682 995 1708 modo
1011 1690 1061 1708 nos
1079 1685 1204 1708 oratores·
1220 1691 1314 1708 ¹curruz-r
1325 1685 1369 1714 -)
1385 1686 1483 1708 nostra
1497 1689 1545 1715 est,
1562 1686 1681 1717 taquam,
1699 1687 1789 1711 omnic

278 1724 332 1749 ista
347 1723 516 1758 prudentiae
533 1723 730 1757 doctrinaeque
746 1725 896 1758 possessio.
934 1723 994 1750 Gaii
1009 1723 1074 1750 Inst.
1090 1723 1125 1750 11.
1144 1724 1182 1755 19,
1200 1725 1240 1750 52.

376 1772 441 1799 Cum
457 1773 607 1806 imperfecto
624 1773 755 1806 iungitur:
773 1773 826 1800 Cic.
843 1782 868 1807 p.
886 1773 974 1805 Quint.
990 1774 1030 1805 21,
1048 1774 1095 1800 08:
1113 1773 1212 1805 Quam
1229 1776 1254 1799 is
1265 1774 1364 1807 fuerit.
1382 1776 1412 1800 st
1430 1774 1527 1800 modo
1542 1774 1678 1802 absentem
1688 1777 1790 1810 defen—

277 1813 359 1840 debat
372 1822 426 1848 per
442 1816 485 1840 ius
502 1817 530 1840 et
545 1822 598 1848 per
613 1816 814 1848 mani-stratum,
830 1814 906 1841 nihil
921 1815 960 1840 ad
975 1823 1031 1840 rem
1048 1814 1170 1840 arbitror
1182 1816 1334 1849 pertinere.

376 1863 440 1889 Cum
457 1863 585 1897 perfecto:
602 1862 656 1889 Cic.
674 1863 724 1889 Off.
740 1864 790 1890 111.
807 1865 830 1896 8,
847 1864 894 1891 37:
916 1866 987 1890 satis
1002 1865 1075 1889 enin·
1092 1863 1179 1893 nobis,
1197 1865 1229 1889 ει·
1246 1864 1339 1889 modo
1356 1866 1387 1890 in
1400 1864 1582 1900 philosophia
1600 1867 1711 1899 ahquid
1720 1875 1789 1901 pro-

277 1904 405 1937 fecimus,
421 1912 588 1938 persuasum
605 1912 665 1929 esse
681 1905 810 1936 debet,'si
826 1913 919 1935 omnes
935 1904 1001 1930 deo-s-
1017 1903 1192 1937 hominesque
1209 1904 1300 1929 celare
1307 1906 1452 1938 poss-imus,
1469 1905 1544 1931 nthtl
1560 1909 1652 1932 tanen
1664 1915 1749 1932 avare
1760 1922 1788 1926 -

275 1953 337 1974 ,esee
352 1943 522 1977 faciendum.
556 1944 591 1970 id.
609 1944 641 1970 ad
658 1944 738 1970 Attio.
755 1944 786 1970 V.
804 1945 843 1976 17,
861 1946 884 1971 1.

375 1992 440 2018 Cum
456 1992 720 2026 plusquamperfecto:
737 1992 800 2019 Cod.
817 1993 909 2019 Iustin.
920 1993 955 2018 11.
964 1994 1004 2025 23,
1015 1993 1043 2019 6:
1060 1992 1146 2021 heres,
1165 1994 1212 2025 φη·
1227 1993 1311 2018 semel
1319 1992 1429 2018 adierat
1436 1993 1625 2024 hereditatem,
1643 1996 1675 2020 .ςί
1692 1996 1788 2020 modo

277 2042 327 2060 sua
344 2034 481 2059 volumtate
498 2033 617 2064 adterat,
636 2048 666 2052 -
683 2035 813 2060 universa
831 2041 916 2060 onera
933 2033 1103 2059 hereditaria
1120 2033 1281 2059 sustinebat.

377 2082 498 2115 vulgaris
516 2085 556 2108 est
572 2082 697 2108 formulae
714 2091 771 2109 cum
787 2083 875 2109 futuro
893 2083 974 2115 primo
992 2083 1110 2108 societas.
1144 2082 1196 2108 Cic.
1213 2091 1238 2116 p.
1254 2082 1336 2108 Sestio
1354 2085 1377 2113 2,
1395 2084 1423 2109 5:
1450 2084 1625 2113 contendam,
1643 2087 1675 2110 xi
1694 2086 1788 2110 modo

277 2124 310 2149 id
326 2126 454 2156 consequi
467 2130 571 2157 potero,
588 2129 619 2148 ut
635 2125 667 2148 in
684 2123 737 2148 hac
754 2124 919 2155 desem-ione
935 2122 1009 2149 nihil
1025 2131 1042 2146 a
1061 2131 1102 2146 me
1118 2137 1149 2141 —
1166 2125 1396 2155 praetermis-mm
1416 2133 1476 2148 esse
1485 2124 1619 2149 videatur.
1653 2126 1711 2150 Alia
1721 2126 1788 2151 eius-

277 2164 347 2190 modi
363 2164 476 2198 exempla
493 2163 609 2189 Handius
627 2164 643 2189 l.
661 2171 681 2188 c.
699 2164 785 2189 affert.

375 2215 434 2240 Non
451 2215 535 2240 minus
551 2214 666 2247 vulgaris
683 2222 740 2239 cum
756 2213 844 2240 futuro
861 2213 980 2243 seeundo,
998 2215 1027 2238 ut
1044 2212 1096 2238 cic.
1114 2212 1147 2238 ad
1164 2212 1242 2237 Attic.
1260 2212 1318 2237 XII.
1335 2212 1375 2242 44,
1393 2213 1421 2238 3:
1440 2213 1558 2239 Commii
1573 2215 1650 2239 enim
1661 2216 1786 2241 animum

275 2260 304 2280 ee
318 2255 440 2288 sortasse
457 2257 520 2287 vici,
546 2257 576 2281 si
592 2255 690 2280 modo
707 2262 894 2289 permansero.
940 2254 1008 2279 Plin.
1026 2261 1065 2286 ep.
1081 2253 1115 2278 11.
1132 2254 1172 2281 20.
1191 2253 1230 2278 14.
1256 2254 1278 2282 ἵ),
1296 2254 1319 2277 9.
1345 2253 1365 2277 Ι.
1382 2253 1422 2283 24,
1440 2254 1462 2278 3.
1496 2253 1559 2279 Cod.
1577 2254 1669 2280 Iustin.
1686 2255 1706 2280 1.
1724 2257 1747 2285 6,
1769 2259 1790 2282 1.

277 2296 312 2322 11.
329 2297 352 2327 1,
371 2297 410 2323 31.
429 2297 467 2328 17,
485 2297 508 2323 G.

1577 2341 1592 2362 ἒ)
